2202 3190
452 156 514 190 802
997 165 1175 190 actualem
1202 165 1352 189 nemmem
2181 165 2195 203 A}

410 219 570 253 Laurentii
588 218 649 261 (S.)
668 222 844 251 conventus
868 227 950 251 nova
974 217 1092 251 erectio
1115 218 1148 250 in
1172 218 1257 251 terra
1275 216 1390 250 Bonitii
1412 217 1506 260 vulgo
1525 217 1720 261 Poyssibonzi
1736 219 1776 252 ad
1799 219 1937 253 favorem

496 271 757 315 Congrcgationis
784 270 951 304 Ilicet-anae
976 270 1101 305 Ordinis
1126 270 1337 304 Ercmitarurn
1363 269 1463 304 sancti
1487 270 1666 313 Augustini,
1694 269 1758 303 482
1783 271 1809 304 b.

408 325 595 358 Laurentius
620 323 796 368 Imperialis
821 324 850 356 S.
876 324 913 356 R.
938 323 973 356 E.
1001 323 1170 357 cardinalis
1195 323 1226 356 in
1252 323 1378 356 civitate
1403 323 1597 357 Ferrariensi
1625 324 1665 357 de
1685 325 1781 357 latere
1797 325 1935 367 legatus,

495 377 557 411 577
583 378 609 411 Ζ).

407 432 523 474 Legata
548 440 605 474 pro
631 430 690 473 piis
715 429 865 474 operibus
890 429 1019 463 incertis
1044 429 1154 463 relicta
1179 428 1317 462 fabricae
1349 428 1499 462 basilicae
1529 428 1688 473 Principis
1716 429 1940 473 Apostolorum
2144 405 2163 457 i
2180 427 2187 476 3¹3

497 484 534 516 de
560 484 643 517 Urbe
668 483 873 523 addicuntur,
900 482 965 516 634Δ
988 494 1018 515 α.

414 537 476 569 Leo
502 536 656 569 Lelehnre
678 535 824 569 minister
848 535 1050 580 provincialis
1076 535 1203 568 Ordinis
1226 535 1384 569 Minorum
1410 535 1448 568 de
1472 534 1679 569 Observantia
1703 534 1734 569 in
1751 535 1848 569 Gallia
1867 546 1940 579 pro-

498 589 618 622 vinciae
641 588 844 629 parisiensis,
870 587 932 621 489
958 588 985 621 b.

411 642 590 686 Leopoldus
614 642 794 685 Ilungariae
817 648 848 675 et
871 642 1041 675 Bohemiae
1062 652 1116 674 rex
1136 641 1168 674 in
1189 651 1297 684 regem
1317 641 1535 675 Romanorum
1555 642 1697 675 futurum
1717 642 1942 686 imperatorem

499 695 638 738 eligitur,
663 694 727 728 359
752 695 786 735 b3
809 696 962 728 nonnulla
988 695 1190 728 declarantur
1215 705 1311 738 super
1335 694 1457 728 actibus
1483 699 1512 728 et
1537 695 1756 728 functionibus
1775 694 1943 729 occasione

499 747 602 781 dictae
628 747 808 787 electionis,
833 747 910 780 ibid.

410 800 668 834 Litomcricensis
691 800 824 833 ecclesia
849 800 881 833 in
898 810 995 843 regno
1021 799 1189 833 Bohemiae
1213 799 1245 833 in
1270 799 1439 834 ecclesiam
1464 800 1677 834 cathedralem
1699 800 1842 843 erigitur,
1856 800 1899 833 32
1911 811 1943 835 α.

411 853 577 887 Lomellini
604 853 752 896 (loannes
780 853 1006 897 Hieronymus)
1031 853 1063 886 S.
1089 853 1124 886 P..
1150 853 1182 887 Ε.
1208 853 1379 887 cardinalis
1410 853 1609 897 Apostolicae
1641 853 1728 888 Sedis
1752 854 1786 887 in
1817 853 1946 888 civitate

499 906 695 940 Bononiensi
720 906 758 939 de
781 906 878 939 latere
903 906 1037 948 legatus,
1064 904 1127 938 16⁶2
1153 906 1179 938 b.

410 959 605 993 Lovaniense
635 959 825 1002 collegium3
852 969 946 992 sanae
970 959 1134 992 doctrinae
1158 960 1352 1003 professores
1378 966 1412 994 ut
1436 959 1469 993 in
1493 970 1529 994 eo
1562 965 1766 994 assumantur
1798 961 1946 995 hortatur

499 1013 649 1046 Summus
675 1013 833 1054 PontifeX,
859 1013 921 1046 292
947 1025 967 1047 α
991 1019 1021 1046 et
1044 1023 1104 1056 seq.

411 1068 561 1101 Ludovici
587 1074 618 1101 et
642 1067 773 1100 Elzearii
799 1068 879 1111 (Ss.)
904 1067 1086 1111 provinciae
1112 1067 1195 1100 tertii
1219 1066 1346 1100 Ordinis
1370 1067 1469 1101 sancti
1495 1066 1655 1100 Francisci
1687 1067 1946 1111 congregationis

502 1120 690 1160 Gallicanae,
720 1119 782 1153 687
809 1120 835 1153 Ι).

412 1174 592 1207 Ludovicus
616 1174 813 1207 Francorum
839 1184 904 1211 rex,
927 1173 989 1207 505
1008 1174 1024 1206 b
1042 1179 1073 1207 et
1090 1172 1152 1206 745
1170 1185 1205 1215 (13
1226 1175 1367 1217 postulat
1385 1185 1444 1218 pro
1463 1174 1701 1208 beatificatione
1725 1174 1755 1208 S.
1783 1174 1972 1208 Francisci·

503 1227 623 1268 Salcsii,
648 1227 726 1260 ibid.
1690 1258 1693 1260 .

412 1281 594 1314 Ludovicus
618 1281 657 1313 de
681 1281 821 1315 Guzman
846 1281 951 1314 Ponce
977 1280 1015 1314 de
1040 1282 1123 1314 Lcon
1150 1281 1233 1325 apud
1259 1281 1373 1315 Sedem
1407 1282 1620 1326 Apostolicam
1645 1288 1764 1324 orator,
1791 1280 1855 1315 723
1875 1292 1895 1315 α
1918 1286 1949 1316 et

503 1334 567 1367 759
591 1334 619 1367 b.

416 1388 596 1422 Ludovicus
624 1389 779 1422 Ilcnricus
804 1388 1064 1432 archiepiscopus
1089 1388 1279 1422 Senonensis
1309 1388 1496 1432 pastoralem
1522 1388 1686 1433 epistolam
1712 1389 1947 1430 scandalosam,

504 1441 719 1482 temerariam,
746 1441 979 1475 schismaticam
1005 1447 1035 1475 et
1059 1442 1214 1475 haeresim
1239 1442 1434 1476 redolentem
1459 1442 1538 1483 edit,
1563 1442 1582 1475 5
1598 1442 1633 1483 b;
1653 1442 1691 1475 de
1706 1442 1765 1476 hac
1785 1441 1949 1475 informari

504 1494 634 1528 mandat
664 1495 869 1528 Innocentius
901 1496 926 1527 X
958 1501 989 1529 et
1018 1495 1195 1529 Alexander
1218 1496 1272 1529 VII
1296 1496 1525 1530 commissione
1549 1496 1628 1529 facta
1653 1501 1774 1539 septem
1798 1494 1950 1530 Franciae

506 1547 687 1592 episcopis,
712 1549 731 1582 6
756 1549 772 1581 b
796 1554 827 1582 et
849 1559 911 1592 seq.

1173 1734 1200 1766 M

417 1864 548 1908 Magnus
580 1863 732 1907 magister
763 1870 794 1898 et
827 1870 1001 1898 conventus
1030 1864 1198 1908 hospitalis
1231 1865 1261 1898 S.
1292 1865 1422 1899 loannis
1458 1865 1736 1910 Hierosolymitani
1771 1866 1952 1900 facultatem

509 1918 629 1951 obtinet
654 1929 670 1950 a
695 1918 827 1951 Summo
852 1918 1007 1951 Pontifice
1031 1918 1169 1960 eligendi
1194 1924 1443 1960 conservatores,
1462 1919 1517 1962 qui
1542 1929 1607 1952 non
1631 1919 1694 1952 sint
1718 1919 1839 1953 iudices
1859 1930 1952 1964 syno-
2136 1880 2161 1971 ἴ

509 1970 611 2010 dales,
641 1970 705 2003 164
729 1983 747 2004 α
774 1977 804 2004 et
828 1981 888 2014 seq.
2147 1972 2169 2003 Γ,

418 2022 605 2056 Mandatarii
631 2023 736 2057 curiae
761 2023 907 2067 Capitolii
932 2023 1028 2057 Urbis
1054 2031 1219 2068 nequeunt
1243 2026 1388 2069 appaltus
1412 2026 1600 2059 citationum
1631 2026 1819 2067 instituere,
1844 2025 1909 2060 243
1932 2037 1952 2060 α
2139 2006 2172 2093 δὲ,

2154 1936 2166 1951 <

508 2081 538 2108 et
562 2087 623 2120 seq.

420 2128 544 2162 Marcus
568 2129 724 2163 Antonius
745 2129 783 2162 de
804 2130 902 2164 Oddis
920 2141 1028 2165 sacrae
1051 2131 1242 2165 visitationis
1267 2132 1460 2176 apostolicae
1484 2131 1543 2166 sub
1564 2131 1742 2166 Alexandro
1762 2132 1826 2174 Vll,
1850 2131 1913 2167 138
1932 2144 1953 2166 α
2124 2100 2167 2284 ἓ

512 2187 542 2216 et
566 2193 627 2225 seq.
2023 2216 2032 2230 χ

421 2234 544 2268 Marcus
570 2235 692 2269 Tullius
717 2235 897 2269 Camoncoli
923 2236 1116 2279 gubernator
1139 2237 1347 2282 apostolicus,
1373 2238 1433 2272 461
1462 2249 1492 2271 a.
2128 2257 2130 2262 ·

420 2288 628 2331 Margarithus
652 2288 851 2332 Guanguelin
876 2290 996 2324 electus
1021 2290 1053 2323 in
1079 2291 1208 2325 tertium
1242 2298 1397 2324 rectorem
1430 2291 1716 2325 Carmelitanarum
1747 2291 1952 2326 Excalceata-

512 2351 625 2373 narum
659 2341 828 2382 Franciae,
862 2342 925 2375 682
951 2343 967 2374 b
991 2348 1022 2376 et
1044 2342 1108 2375 515
1133 2354 1168 2383 α’,
1201 2343 1268 2376 eius
1299 2343 1411 2377 electio
1442 2344 1533 2378 irrita
1564 2345 1765 2386 declaratur,
1795 2343 1859 2378 683
1882 2344 1899 2377 b
1922 2350 1954 2378 et

513 2392 575 2425 615
599 2404 630 2426 α.

426 2443 540 2478 Mariae
567 2446 632 2489 (Β.)
658 2446 696 2479 de
721 2447 863 2481 Mercede
887 2447 1347 2492 Redemptionis'Captivorum
1371 2449 1441 2482 vide
1465 2449 1550 2483 Ordo
1568 2450 1601 2484 Β.
1621 2450 1736 2484 Mariae
1752 2449 1955 2494 Redemptio-

512 2496 560 2529 nis
586 2497 798 2541 Captivorum.
828 2500 929 2543 Super
952 2501 1232 2544 congregationem
1256 2502 1447 2546 Hispaniae,
1480 2502 1530 2536 ius
1559 2508 1746 2547 patronatus
1771 2502 1955 2537 conceditur
2192 2493 2197 2535 i

514 2548 585 2582 duci
611 2550 753 2585 Medinae
771 2551 939 2596 Sydoniae,
959 2553 1022 2586 553
1046 2565 1064 2587 ιι
1091 2559 1120 2587 ct
1144 2565 1219 2598 ΜΗ
1243 2555 1329 2598 quod
1354 2555 1464 2589 fratres
1489 2554 1583 2590 huius
1600 2555 1726 2590 Ordinis
1750 2555 1873 2601 possint
1892 2554 1953 2588 sibi
2019 2554 2021 2556 ’
