2185 3188
23 206 69 233 Aa.
82 203 114 231 C.
136 201 204 229 1656

207 1744 417 1788 -quibustibet
446 1744 612 1778 contrariis
646 1744 903 1788 dispositionibus
936 1737 982 1793 et}

810 197 996 223 ALExANDER
1020 198 1066 222 VH
1089 198 1137 223 PP.

214 257 277 282 non
289 247 461 292 quibusvis,
479 247 572 281 etiam
592 248 778 288 iuramento,
791 246 955 280 confirma-

216 302 298 336 tione
321 301 505 345 apostolica,
530 302 578 334 vel
601 301 660 334 alia
680 300 788 344 quavis
806 299 955 333 firmitate

215 353 370 388 roboratis
389 381 396 395 ‚
428 355 550 387 statutis
586 360 615 387 et
654 351 955 393 consuetudinibus,

216 408 308 441 etiam
337 407 661 450 imniemorabilibus,
686 405 861 451 privilegiis
878 416 955 449 quo-

215 472 284 505 que,
311 461 449 501 indultis,
474 460 746 500 concessionibus,
772 460 954 492 immunita—

215 515 308 558 tibus,
322 516 584 560 exemptionibus,
601 514 823 558 chirographis
837 541 844 555 ,
863 513 957 546 cedu-

216 569 253 601 lis
279 569 640 613 motuumpropriorum,
658 573 687 600 et
705 567 773 600 aliis
791 566 958 611 scripturis

217 626 246 654 et
266 621 379 655 litteris
404 623 496 655 etiam
522 621 713 666 apostolicis,
733 620 903 664 praedictis
930 623 975 655 eti

216 675 377 720 quibusvis
390 675 469 716 aliis,
487 676 591 716 etiam,
605 680 638 708 ut
652 674 843 719 ‘praefer-tur,
862 673 957 717 quali·
973 696 974 701 ,

217 729 325 771 ficatiS,
339 739 374 762 ac
389 729 518 773 speciali
537 731 609 762 nota
625 732 654 762 et
672 728 831 761 mentione
845 727 958 770 dignis,

218 783 338 816 etiamsi
367 783 551 816 nominatim
581 788 685 815 essent
713 781 959 825 exprimendae,

217 834 275 870 sub
306 835 558 880 quibuscumque
595 835 764 868 verborum
798 835 959 869 tenoribus

219 893 248 921 et
267 888 386 929 formis,
401 899 436 921 ac
452 899 522 921 cum
541 888 703 932 quibusvis
722 888 814 920 etiam
833 887 960 930 deroga-

218 942 369 976 toriarum
395 942 615 985 derogatoriis,
645 942 776 986 aliisque
807 942 961 975 efficacio-

218 996 305 1031 ribus
322 1002 352 1029 et
376 996 508 1030 insolitis
527 996 684 1036 clausulis,
705 1006 741 1028 ac
765 995 960 1029 irritantibus

219 1055 249 1083 et
272 1050 341 1083 aliis
365 1049 522 1091 decretis,
549 1049 642 1081 etiam
668 1048 978 1091 inexcogitabilibus:

219 1108 250 1137 et
273 1103 450 1136 necessario
475 1101 699 1146 exprimendis,
721 1101 812 1134 etiam
838 1105 979 1153 contra-¹

220 1162 287 1190 ctus
313 1157 404 1189 iurati
426 1166 497 1190 cum
516 1158 642 1188 camera
659 1156 767 1188 nostra
791 1155 979 1199 apostolica÷

220 1210 287 1244 initi
319 1215 349 1244 et
383 1210 531 1244 camerali
566 1210 761 1253 obligatione
794 1210 896 1242 vallati
934 1215 963 1241 et

221 1264 331 1308 quovis
356 1264 417 1298 alio
441 1263 558 1297 robore
583 1268 612 1295 et
645 1262 767 1295 cautela
797 1261 980 1303 tirmatis⁴‚=

221 1317 320 1358 editis,
351 1328 405 1351 seu
435 1317 534 1357 factis,
563 1328 598 1349 ac
628 1317 702 1349 ali‘as
727 1316 964 1360 quomodolibet

223 1371 252 1403 in
277 1371 469 1405 contrarium
503 1371 751 1414 praemissorum
785 1370 963 1410 concessis,

223 1424 414 1457 confirmatis
444 1430 473 1456 et
505 1425 622 1467 pluries
658 1423 828 1459 innovatis;
851 1423 964 1466 quibus

223 1478 367 1511 omnibus
388 1481 417 1511 et
442 1478 591 1520 singulis,
613 1477 733 1511 etiamsi
752 1477 781 1509 in
800 1477 843 1509 eis
860 1486 964 1509 cavea-

223 1536 273 1563 tur
302 1541 450 1574 expresse
481 1530 565 1574 quod
596 1531 683 1563 nullo
708 1540 845 1574 unquam
880 1535 981 1562 tem-⁴:

223 1594 299 1628 pore
317 1584 373 1617 sub
398 1584 549 1617 similium
571 1584 617 1616 vel
635 1583 833 1616 dissimilium
860 1593 982 1637 exenia¹

224 1638 364 1682 ptionum
392 1643 420 1670 et
450 1637 682 1670 immunitatum
702 1637 983 1677 revocationibus,'

225 1691 489 1735 abrogationibus,
516 1691 795 1733 annullationibus,
821 1696 873 1724 aut
898 1691 982 1723 aliis*

226 1798 500 1832 constitutionibus
514 1809 571 1842 pro
587 1803 729 1842 tempore
745 1798 872 1831 edendis
884 1794 983 1832 com-²

225 1852 481 1897 prehendantur,
513 1852 565 1885 sed
600 1863 723 1896 semper
757 1853 795 1885 ab
829 1853 887 1885 illis
919 1848 983 1896 ex-J'

227 1911 324 1950 cepta,
342 1911 372 1939 et
396 1906 519 1950 quoties
544 1906 615 1939 illae
640 1906 846 1947 emanabunt,
876 1907 983 1947 toties]

228 1958 257 1992 in
282 1959 471 2003 pristinum,
490 1969 624 2003 eumque
650 1959 873 1992 validissimum
899 1964 963 1992 sta·
981 1953 983 1967 ¹

226 2018 292 2046 tum
319 2013 472 2054 restituta,
498 2013 635 2057 reposita
659 2018 688 2045 et
714 2013 914 2057 reintegrata,
932 2003 983 2047 acl

228 2066 319 2099 etiam
354 2066 412 2099 sub
436 2066 603 2110 posteriori
630 2065 700 2099 data
725 2077 781 2110 per
805 2065 984 2111 quascunri

227 2129 287 2163 que
311 2129 461 2163 personas
486 2118 629 2161 eligenda
648 2119 685 2151 de
713 2130 794 2152 novo
820 2130 984 2170 concessa}

229 2173 289 2205 sint
306 2178 336 2206 et
360 2183 427 2206 esse
452 2179 648 2214 censeantur,
667 2184 786 2206 necnon
804 2185 861 2217 pro
883 2173 985 2206 susti-'

229 2226 320 2259 cienti
339 2237 448 2260 eorum
474 2227 676 2270 derogatione
697 2227 734 2260 de
764 2227 823 2260 illis
842 2238 967 2260 corum-
983 2234 985 2253 ἱ

229 2290 290 2323 que
314 2280 386 2313 totis
413 2280 573 2314 tenoribus
607 2281 771 2324 specialis,
797 2280 942 2325 specifica
959 2295 985 2321 ,¹

231 2331 398 2375 individua,
421 2338 451 2366 et
475 2333 512 2365 de
537 2333 574 2365 de
597 2334 691 2367 verbo
710 2334 747 2366 ad
769 2334 898 2367 verbum
917 2344 985 2366 exv

231 2395 348 2429 pressa,
361 2396 423 2419 non
441 2392 543 2419 autem
561 2396 617 2430 per
634 2387 789 2420 clausulas
807 2388 970 2430 generales
985 2391 987 2396 “

232 2438 314 2472 idem
343 2439 568 2483 importantes,
602 2440 718 2473 mentio
753 2451 805 2473 seu
842 2440 988 2484 quaevis>

232 2492 290 2524 alia
308 2493 468 2536 expressio
489 2492 642 2535 habenda,
670 2499 722 2525 aut,
739 2493 798 2526 alia
819 2493 969 2537 exquisita
986 2506 987 2530 1

233 2545 333 2578 forma
369 2546 406 2578 ad
438 2545 498 2579 hoe
534 2546 684 2579 servanda
718 2547 818 2587 soret,
844 2541 988 2580 illorum¹

274 2618 279 2642 l
297 2615 343 2643 Ed.
358 2618 439 2644 Mani.
452 2618 675 2652 legitfirmicatcs
688 2626 735 2653 pro
746 2619 969 2654 slrmatt's(ii.r.).
986 2630 988 2650 1

987 247 1128 279 omnium
1161 252 1190 279 et
1215 247 1411 290 singulorum
1446 252 1589 287 tenores,
1615 247 1731 280 formas

988 304 1019 332 et
1042 299 1223 333 occasiones
1247 300 1468 343 praesentibus
1498 311 1556 344 pro
1579 300 1670 344 plene
1702 305 1732 333 et

989 353 1180 386 sufficienter
1206 354 1362 397 expressis
1386 354 1512 387 insertis
1540 364 1576 387 ac
1601 354 1732 387 servatis

989 407 1164 451 respective
1190 406 1352 447 habentes,
1374 407 1434 439 illis
1459 407 1534 440 alias
1556 408 1587 440 in
1612 418 1668 440 suo
1686 418 1733 441 ro-

990 460 1067 493 bore
1087 460 1313 504 permansuris,
1334 460 1372 493 ad
1390 461 1638 504 praemissorum
1659 461 1732 494 effe-

991 518 1092 555 ctum,
1111 514 1289 558 specialiter
1310 518 1339 547 et
1359 524 1505 558 expresse
1531 515 1733 558 derogamus,

991 578 1026 601 ac
1051 567 1237 611 derogatum
1268 578 1334 601 esse
1367 568 1532 607 volumus;
1559 569 1734 613 ceterisque

992 621 1158 654 contrariis
1179 621 1439 665 quibuscumque.

1038 675 1052 718 ξ
1076 675 1126 708 19.
1153 675 1190 708 Ut
1215 681 1318 708 autem
1345 675 1472 708 eaedem
1494 680 1674 719 praesentes
1691 676 1737 708 lit-

994 734 1077 763 terae
1103 729 1141 761 ad
1165 729 1307 762 omnium
1334 729 1475 762 notitiam
1500 729 1620 762 facilius
1637 729 1737 762 deve-

994 783 1093 824 niant,
1120 783 1265 816 volumus
1298 788 1326 816 et
1351 783 1538 815 auctoritate
1564 783 1737 827 apostolica

994 835 1195 869 decernimus
1221 836 1289 869 illas
1307 836 1344 869 ad
1363 836 1465 869 valvas
1485 836 1631 870 basilicae
1650 837 1738 870 Prin-

995 889 1072 933 cipis
1093 889 1319 933 Apostolorum
1338 895 1367 922 et
1385 890 1591 924 cancellariae
1616 896 1739 934 aposto-

995 943 1091 981 licae,
1126 954 1161 976 ac
1195 943 1225 976 in
1257 944 1323 977 acie
1347 944 1455 987 Campi
1483 944 1573 977 Flore
1594 944 1631 976 de
1658 944 1739 977 Urbe

995 1008 1051 1041 per
1075 998 1212 1041 aliquem
1238 1008 1274 1031 ex
1299 997 1484 1031 cursoribus
1509 998 1624 1032 nostris
1639 998 1739 1041 publi-

996 1050 1081 1090 cari,
1114 1062 1149 1084 ac
1182 1051 1307 1084 illarum
1338 1051 1481 1095 exempla
1507 1051 1623 1084 ibidem
1649 1052 1740 1085 affixa

997 1105 1152 1148 relinqui,
1186 1115 1266 1149 quae
1294 1105 1338 1138 sic
1370 1105 1556 1149 publicatae,
1582 1116 1691 1139 omnes
1712 1111 1741 1138 et

997 1158 1148 1201 singulos,
1173 1169 1252 1202 quos
1278 1163 1483 1199 concernunt,
1513 1158 1644 1202 perinde
1667 1159 1737 1192 assi--

997 1211 1079 1244 ciant
1104 1216 1134 1246 et
1157 1216 1288 1253 arctent,
1314 1223 1349 1246 ac
1373 1212 1397 1245 si
1423 1213 1549 1246 illorum
1571 1212 1740 1256 unicuique

997 1266 1205 1310 personaliter
1230 1266 1407 1300 notificatae
1432 1272 1462 1299 et
1488 1266 1648 1300 intimatae
1671 1267 1742 1300 suis-

998 1325 1075 1359 sent,
1101 1325 1197 1364 utque
1222 1320 1404 1353 earumdem
1426 1320 1641 1364 praesentium
1659 1326 1742 1353 tran-

998 1374 1152 1417 sumptis,
1178 1379 1272 1407 etiam
1299 1374 1482 1418 impressis,
1509 1384 1603 1408 manu
1627 1374 1741 1408 notarii

998 1427 1117 1470 publici
1143 1427 1341 1472 subscriptis,
1358 1434 1387 1460 et
1401 1428 1504 1471 sigillo
1521 1428 1654 1461 alicuius
1668 1438 1742 1472 per-

998 1490 1092 1513 sonae
1106 1480 1135 1513 in
1150 1481 1361 1514 ecclesiastica
1382 1481 1533 1524 dignitate
1554 1481 1742 1514 constitutae

979 1535 1144 1589 ¹munitis,
1171 1535 1279 1568 eadem
1306 1534 1383 1567 fides
1409 1535 1438 1567 in
1466 1535 1581 1568 iudicio
1602 1541 1632 1568 et
1656 1541 1742 1568 extra

1000 1587 1075 1620 illud
1097 1587 1296 1629 adhibeatur,
1317 1598 1396 1632 quae
1423 1588 1499 1632 ipsis
1524 1588 1742 1631 praesentibus

999 1641 1221 1682 adhiberetur,
1248 1643 1271 1674 si
1303 1642 1405 1675 forent
1439 1641 1594 1675 exhibitae
1623 1642 1670 1675 vel
1702 1653 1739 1675 0-

1000 1701 1133 1728 stcnsae.

1043 1749 1155 1782 Datum
1181 1749 1308 1790 Romae,
1334 1750 1417 1793 apud
1443 1752 1471 1784 S.
1494 1750 1621 1783 Mariam
1648 1751 1742 1784 Maio-

1001 1813 1078 1843 rem,
1090 1804 1147 1836 sub
1156 1804 1272 1836 annulo
1288 1804 1465 1844 piscatoris,
1479 1804 1528 1836 die
1541 1815 1604 1838 xxu
1619 1805 1743 1847 augusti

1001 1867 1132 1898 tinccvi,
1153 1857 1353 1901 pontificatus
1378 1858 1476 1891 nostri
1502 1869 1584 1891 anno
1600 1869 1631 1891 n.

1038 1919 1093 1946 Dat.
1112 1919 1155 1947 die
1171 1920 1204 1946 22
1221 1921 1327 1956 augusti
1347 1921 1422 1954 1656,
1440 1921 1537 1956 pontif.
1556 1930 1600 1948 an.
1620 1928 1645 1948 n.

1313 2039 1440 2076 CXXXI.

1003 2109 1212 2152 Confirmatio
1233 2110 1486 2153 privileqiorum
1511 2110 1641 2154 colleyz'z'
1668 2121 1744 2154 pro-

1048 2164 1283 2196 tonotariorttm
1313 2164 1350 2196 de
1378 2175 1514 2198 numero
1543 2165 1746 2209 participan-

1048 2218 1141 2256 tium,
1170 2227 1239 2249 cum
1265 2217 1392 2251 indulto
1425 2222 1461 2250 ut
1488 2218 1588 2250 etiam
1607 2218 1659 2250 (lie
1675 2228 1747 2250 san-

1047 2270 1090 2302 cti
1114 2271 1206 2303 Petri
1229 2275 1257 2303 et
1282 2271 1387 2304 Pauli
1412 2276 1557 2304 monetae
1574 2282 1692 2305 scau-eae
1718 2277 1746 2305 ec

1047 2328 1217 2366 arqenleae
1241 2325 1357 2358 eisdem
1382 2325 1528 2358 denlur¹.

1198 2396 1366 2424 Alexander
1385 2397 1463 2430 Papa
1484 2396 1551 2429 vn,

1129 2440 1164 2467 ad
1184 2443 1360 2474 perpetuam
1381 2440 1425 2467 rei
1443 2441 1625 2469 memoriam.

1049 2503 1063 2546 g
1092 2503 1117 2535 l.
1145 2503 1187 2535 Ex
1202 2503 1332 2535 Romani
1349 2503 1507 2536 Pontificis
1522 2503 1661 2546 supremi
1680 2515 1748 2546 gra-

1005 2557 1118 2588 tiarum
1133 2555 1355 2599 dispensatoris
1370 2557 1400 2588 in
1416 2556 1507 2589 terris
1526 2568 1542 2589 a
1557 2557 1619 2590 Deo
1635 2558 1748 2590 consti-

1045 2622 1050 2646 l
1073 2619 1107 2646 Ex
1125 2619 1229 2654 llcgcst.
1249 2620 1272 2646 in
1290 2620 1389 2647 Serri-t
1409 2619 1483 2646 nrt-v.

1633 189 1694 222 227
1744 198 1793 225 An.
1811 197 1839 224 c,
1859 198 1929 225 1656

1786 688 1936 715 'transumpto-

1752 720 1795 735 ηιμ
1812 714 1871 736 fides.

1791 2512 1930 2531 Prooemium.
