2185 3188
35 185 222 222 sau.c.1656

832 177 1017 202 ALEKANDEP.
1043 177 1086 200 vn
1111 177 1158 201 PP-

993 228 1145 272 ,cumque
1167 225 1302 258 aliorum
1327 225 1508 269 principum
1531 223 1749 268 impositurum

1010 283 1040 310 et
1054 278 1327 321 imponendarum,
1345 289 1403 322 pro
1421 284 1564 322 tempore
1580 277 1751 310 liberamus

237 229 376 264 eiusdem
402 229 489 263 Sedis
513 229 637 271 notarii,
662 228 755 261 etiam
780 226 818 259 de
842 236 976 258 numero

238 283 462 328 participantes
486 282 663 323 existentes,
688 280 810 315 etiamsi
834 279 975 312 habitum

237 341 267 369 et
284 335 459 369 rochettum
474 341 669 368 n01‘11101tlm
690 333 786 377 ipsius
807 332 894 365 Sedis
915 341 976 364 non

237 388 394 429 deferant,
428 388 598 432 palatiique
623 391 652 421 et
676 387 764 419 aulae
798 378 995 443 piaedictae

237 441 366 475 comites
390 447 420 474 et
453 441 564 474 milites
597 451 632 473 ac
665 439 786 473 nobiles
811 438 995 480 01i‹iua1ii

236 498 266 529 et
292 495 500 538 antiquissimi
525 494 608 527 cites
634 493 773 526 eiusdem
801 492 903 532 Urbis,
929 483 994 526 teli

236 547 367 581 civitatis
399 558 502 591 quam,
529 553 561 580 ut
590 546 777 591 praefettur,
803 545 975 588 010301Ἁίοῑ

235 601 442 645 quicumque¹
461 612 495 634 ex
515 606 649 644 utroque
668 603 798 643 parente
824 610 895 632 ieie
920 610 976 632 no-

234 655 288 687 bili
313 665 348 687 ae
374 655 441 687 cite
466 654 548 687 civili
568 659 598 687 et
626 653 799 696 originario
824 652 994 697 antiquis

235 708 313 740 simo
339 707 495 751 piosncati
521 707 558 739 de
585 706 670 745 iure,
696 711 822 746 statuto,
836 716 972 739 consue-

236 760 364 800 tudine,
389 760 436 793 vel
460 760 536 793 alias
562 770 597 792 ex
624 760 730 803 aliquo
755 759 882 803 speciali
910 740 994 803 pri-i

235 813 359 856 vilegio,
384 824 439 846 seu
463 813 538 846 alias
563 813 656 846 etiam
678 823 734 856 per
758 823 993 861 quascumque¹

235 867 354 900 litteras
376 878 430 899 seu
449 866 688 899 constitutiones
705 867 893 910 apostolicas
917 877 975 910 pro

235 924 376 964 tempore
401 920 522 961 editas,
548 926 698 961 utuntur,
722 920 892 961 fruuntur,
919 930 993 963 [ιο-1

236 974 355 1008 tiuntur
380 979 408 1007 et
433 973 581 1016 gaudent,
606 983 642 1006 ac
667 973 722 1013 uti,
743 973 815 1013 frui,
834 973 927 1017 potiri
947 976 976 1006 et

234 1027 371 1070 gaudere
396 1032 526 1071 possunt
551 1031 581 1061 et
604 1032 753 1070 poterunt
777 1026 976 1070 quomodoli-

234 1081 287 1113 bet
312 1081 342 1113 in
367 1080 530 1121 futurum,
556 1079 672 1123 ubique
697 1080 852 1119 locorum,
878 1079 908 1111 in
930 1079 994 1123 iu-,

234 1133 316 1167 dicio
340 1139 369 1166 ct
394 1138 491 1173 extra,
509 1133 575 1166 sine
598 1138 701 1165 tamen
720 1132 904 1165 eorumdem
923 1143 977 1166 no-

234 1187 387 1220 tariorum
404 1187 442 1219 de
466 1197 599 1220 numero
618 1186 872 1230 participantium
890 1196 977 1230 prae-
992 1175 994 1206 3

235 1240 360 1281 iudicio,
385 1240 439 1280 uti,
465 1240 537 1281 frui,
556 1241 650 1284 potiri
669 1246 698 1273 et
718 1240 856 1283 gaudere
878 1240 976 1273 libere

234 1299 262 1327 et
287 1294 371 1327 licite
404 1293 535 1334 valeant,
561 1294 687 1327 realiter
721 1299 751 1326 et
776 1294 918 1337 integre,
945 1294 976 1326 in

234 1346 381 1381 omnibus
404 1353 434 1380 et
459 1358 515 1391 per
540 1347 660 1389 onmia,
687 1347 808 1380 etiamsi
835 1347 865 1380 in
893 1347 976 1381 Urbe

233 1407 263 1434 et
287 1401 410 1435 civitate
444 1401 625 1434 lmiusmodi
659 1411 720 1434 non
746 1401 976 1442 habitaverint,

232 1455 364 1499 perinde
386 1465 421 1488 ae
447 1455 471 1487 si
496 1454 534 1487 de
561 1465 635 1487 vero
667 1454 764 1487 nobili
797 1464 914 1497 genere
939 1466 975 1487 ex

235 1514 369 1552 utroque
394 1514 523 1552 parente
549 1508 724 1551 originario
749 1513 779 1541 et
799 1508 977 1552 antiquissi-

234 1573 286 1597 mo
311 1563 378 1596 cive
411 1562 568 1606 procreati
604 1563 718 1603 forent,
743 1565 773 1596 et
797 1562 976 1596 huiusmodi

234 1616 492 1661 praerogativae,
520 1616 707 1659 privilegia,
740 1616 976 1659 exemptiones,

234 1669 363 1712 gratiae,
388 1670 521 1710 favores,
546 1669 776 1709 concessiones,
803 1668 923 1701 indulta
948 1674 977 1702 et

235 1722 313 1764 iura,
338 1733 417 1767 quae
443 1733 500 1767 pro
525 1723 593 1755 aliis
618 1722 777 1756 nobilibus
802 1728 831 1756 et
857 1722 977 1756 civibus

235 1777 414 1819 originariis
450 1782 658 1817 emanarunt,
684 1782 713 1809 et
746 1786 826 1819 quae
856 1776 977 1810 ratione

235 1830 406 1863 nobilitatis
429 1835 459 1862 et
483 1829 641 1863 civilitatis
658 1829 809 1862 naturalis
830 1835 859 1862 et
879 1829 977 1872 origi-

235 1884 340 1916 nariae
364 1883 432 1916 aliis
458 1886 652 1926 competunt,
678 1893 737 1926 pro
755 1882 872 1915 eisdem
893 1883 978 1927 dapi-

236 1936 308 1970 feris
325 1937 356 1969 in
369 1937 475 1981 specie
495 1942 694 1969 emanassent
712 1947 767 1969 seu
784 1943 976 1979 emanarent,

235 1994 265 2022 et
288 1989 404 2023 eisdem
438 1990 624 2022 naturaliter
655 1989 694 2022 de
724 1989 814 2030 iure,
839 1995 976 2031 statuto,

236 2043 476 2085 consuetudine,
502 2042 693 2083 fundatione,
720 2042 766 2075 vel
792 2043 866 2075 alias
892 2054 977 2076 com—

235 2102 386 2140 peterent,
401 2096 509 2139 vigore
529 2096 742 2140 praesentium
765 2096 975 2139 indulgemus.

235 2150 277 2183 Ae
306 2150 446 2193 singulos
470 2150 627 2194 dapiferos
660 2150 816 2194 praefatos
844 2161 862 2183 a
893 2151 976 2184 solu-

236 2203 355 2236 tutione
380 2209 410 2236 et
434 2203 594 2237 exactione
612 2203 807 2236 decimarum
832 2204 977 2236 ecclesia-

235 2257 394 2298 sticarum,
420 2257 536 2300 ubique
560 2257 703 2290 locorum
721 2262 751 2289 et
768 2267 804 2290 ex
825 2268 975 2300 quacum·
993 2279 994 2282 =

235 2320 306 2354 que,
330 2310 530 2353 quantumvis
550 2309 770 2353 urgentissima
801 2314 830 2343 et
855 2310 976 2344 inexco-

235 2362 354 2407 gitabili
380 2365 472 2397 causa
496 2368 526 2396 et
549 2363 725 2404 occasione,
749 2364 842 2396 etiam
864 2363 901 2396 ad
928 2364 974 2396 in-

235 2416 379 2449 stantiam
404 2416 622 2459 imperatoris,
648 2426 776 2459 regum,
806 2427 974 2460 rerumpu-

235 2469 387 2503 blicarum
402 2496 409 2510 ‚
434 2470 527 2502 etiam
555 2469 754 2511 Venetorum,
769 2474 799 2502 et
823 2480 972 2513 quorum-

272 2543 282 2568 1
301 2541 372 2568 lnfra
388 2540 438 2568 loc.
456 2539 550 2575 parali.
572 2547 633 2575 pag.
650 2539 700 2566 212
716 2539 730 2566 b
750 2539 848 2575 legitur
863 2541 974 2575 quique

237 2585 276 2620 (u.
293 2586 339 2620 Γ).

1010 336 1040 363 et
1058 331 1236 370 eximimus,
1254 331 1433 374 liberosque
1452 337 1479 364 et
1498 336 1660 374 exemptos
1684 330 1751 362 fore

1010 390 1040 416 et
1064 395 1131 417 esse
1160 384 1370 417 decernimus.
1409 384 1485 427 Ipsis
1518 384 1667 428 dapiferis
1699 394 1751 416 eo-

993 447 1145 480 tumque
1170 437 1302 480 singulis
1327 447 1543 480 quoscumque
1577 438 1697 469 tructus
1721 442 1751 469 et

1010 495 1180 533 proxentus
1213 490 1464 530 ecclesiatico*
1490 496 1550 522 tam
1585 490 1750 523 occasione

993 536 1085 597 ipens
1091 542 1197 576 ionum
1223 553 1398 576 annuarum
1426 544 1500 586 ipsis
1522 543 1568 575 tel
1594 554 1648 576 0οι
1652 554 1704 575 um
1722 553 1751 575 a·

992 575 1083 652 ,ilicui
1109 602 1363 638 ieseixataiQum
1388 608 1481 641 qirun
1509 597 1629 629 ratione
1653 597 1733 629 omis

992 625 1106 682 sionis
1132 650 1323 683 recitationi<
1350 651 1500 684 lioratum
1528 651 1750 683 canonicatum

992 699 1147 737 indebite
1172 708 1348 747 perceptos,
1373 704 1600 746 cuiuscumque
1626 703 1750 746 quanti-

1010 757 1080 789 tatis
1105 757 1230 797 fuerint,
1255 757 1393 800 gratiose
1419 757 1621 796 remittimus,
1639 756 1752 789 condo-

1009 820 1129 852 namus,
1155 821 1190 843 ac
1215 822 1286 843 cum
1304 811 1347 843 cis
1365 821 1460 854 super
1485 809 1678 843 inhabilitate
1695 820 1752 853 per

1009 875 1061 897 eos
1093 870 1262 908 propterea
1293 864 1532 908 quomodolibet.
1569 865 1751 901 contracta,

1010 918 1055 950 vel
1074 917 1165 950 etiam
1186 928 1220 950 ex
1240 928 1277 950 eo
1295 917 1379 961 quod
1405 917 1546 950 censuris
1570 916 1751 949 liulusmodi

992 968 1094 1013 *ligati
1121 971 1232 1004 missas
1258 977 1287 1004 et
1318 971 1377 1004 alia
1409 971 1513 1004 divina
1541 970 1661 1010 officia,
1688 980 1752 1003 non

1010 1030 1113 1057 tamen
1139 1025 1168 1056 in
1199 1030 1415 1068 contemptum
1449 1024 1594 1064 clavium,
1617 1023 1753 1056 celebra-

1010 1077 1127 1119 verint,
1149 1084 1202 1110 aut
1226 1078 1301 1110 alias
1326 1078 1356 1110 in
1382 1077 1496 1110 divinis
1518 1087 1550 1110 se
1576 1076 1751 1109 immiscue-

1011 1131 1089 1171 rint,
1116 1136 1164 1173 ut,
1195 1131 1248 1164 itta
1273 1135 1303 1165 et
1327 1131 1445 1164 eisdem
1477 1130 1659 1174 praemissis
1690 1140 1752 1162 uon

1010 1184 1230 1225 obstantibus,
1255 1184 1293 1217 ad
1322 1194 1431 1218 omnes
1463 1184 1557 1217 etiam
1593 1193 1698 1216 sacros
1723 1189 1753 1216 et

1010 1238 1245 1282 presbyteratus
1277 1237 1421 1278 ordines,
1447 1237 1522 1270 alias
1547 1242 1650 1269 tamen
1676 1236 1752 1277 rite,

993 1288 994 1316 i
1011 1291 1201 1334 promoveri,
1218 1296 1248 1324 et
1262 1291 1292 1323 in
1310 1290 1371 1323 illis
1389 1290 1480 1323 etiam
1500 1289 1663 1333 susceptis,
1678 1289 1752 1321 alias

993 1345 1079 1386 rite,
1105 1355 1161 1388 per
1186 1354 1240 1377 eos
1270 1343 1445 1385 ordinibus,
1470 1344 1563 1376 etiam
1590 1343 1619 1375 in
1646 1343 1752 1375 altaris

1011 1398 1197 1438 iiiinistei‘io,
1224 1398 1403 1431 ministrare
1425 1397 1517 1430 etiam
1540 1397 1637 1430 libere
1663 1402 1693 1430 et
1717 1397 1753 1429 li-

1010 1452 1069 1486 cite
1092 1452 1222 1494 valeant,
1244 1452 1473 1495 dispensamus..
1495 1452 1537 1483 Ac
1558 1450 1685 1483 eosdem
1703 1449 1753 1482 da-

1010 1505 1138 1549 piferos,
1164 1505 1189 1538 si
1213 1506 1265 1549 qui
1285 1516 1340 1539 eoi
1344 1516 1396 1538 um
1422 1505 1577 1538 desectum
1601 1504 1752 1537 natalium

993 1560 1174 1614 patiuntur
1198 1570 1234 1592 ex
1259 1568 1460 1602 quocumque
1494 1558 1642 1591 damnato
1666 1563 1696 1590 et
1722 1557 1753 1589 il-

993 1601 1096 1645 licito
1121 1612 1226 1654 coitu,
1261 1612 1383 1644 etiamsi
1410 1622 1445 1644 ex
1472 1611 1677 1643 nobilissimis
1703 1621 1753 1654 pa-

1011 1666 1152 1698 rentibus
1178 1677 1213 1699 ac
1246 1665 1360 1698 vilibus
1393 1665 1515 1697 seminis
1548 1665 1653 1697 forsan
1684 1675 1753 1707 pro-

1011 1719 1106 1752 creati
1122 1719 1191 1761 sint,
1206 1719 1328 1752 etiamsi
1341 1718 1504 1761 legitimati
1521 1718 1595 1750 alias
1609 1717 1751 1757 existant,

1011 1772 1232 1815 legitimamus,
1258 1782 1448 1815 omnemque
1461 1771 1500 1804 ab
1516 1771 1575 1803 illis
1589 1771 1752 1813 geniturae

1012 1825 1191 1858 huiusmodi
1229 1826 1383 1858 maculam
1415 1825 1478 1857 sive
1503 1830 1609 1858 notam
1634 1823 1752 1856 abster-

1011 1879 1115 1922 gimus
1132 1883 1161 1913 et
1178 1879 1351 1919 abolemus,
1368 1889 1403 1912 ac
1423 1877 1572 1921 legitimis
1597 1877 1752 1909 natalibus

1011 1934 1221 1973 restituitnus;
1246 1943 1282 1966 ac
1307 1943 1379 1966 cum
1404 1943 1514 1965 eorum
1540 1931 1693 1974 singulis,
1719 1936 1753 1963 ut

1011 1987 1041 2019 in
1067 1986 1319 2031 quibuscumque
1355 1985 1444 2019 bonis
1474 1985 1612 2028 paternis
1636 1989 1666 2017 et
1692 1994 1752 2016 ma-

1012 2040 1117 2079 ternis,
1142 2045 1172 2073 et
1196 2040 1330 2073 aliorum
1357 2037 1664 2081 consanguineorum
1697 2047 1751 2070 seu

1010 2099 1229 2136 cognatorum,
1248 2093 1295 2126 vel
1320 2093 1453 2125 aliorum
1474 2100 1751 2135 quorumcumque

1010 2147 1087 2190 (nou
1113 2150 1216 2180 tamen
1241 2145 1417 2178 feudalibus
1450 2149 1480 2178 et
1512 2143 1751 2188 empliyteuticis

1009 2204 1062 2232 aut
1079 2199 1317 2239 ecclesiasticis,
1344 2199 1391 2231 vel
1415 2198 1453 2230 ab
1479 2197 1617 2230 Ecclesia
1647 2196 1752 2239 acqui-

1010 2253 1100 2295 sitis),
1127 2264 1162 2286 ac
1181 2253 1246 2285 sine
1272 2252 1466 2296 praeiudicio
1494 2250 1684 2283 venientium
1711 2249 1749 2282 ab

992 2307 1167 2350 ,inti-stato,
1195 2306 1240 2338 vel
1266 2316 1301 2337 ex
1328 2304 1583 2343 fideicommisso,
1602 2314 1656 2336 seu
1674 2303 1749 2336 alias

1008 2360 1045 2393 de
1064 2360 1130 2392 iure
1154 2359 1254 2392 valida
1279 2359 1493 2403 dispositione,
1520 2357 1700 2397 succedere,
1720 2362 1750 2389 et

1009 2414 1060 2446 illa
1078 2413 1254 2446 donationis
1271 2423 1325 2445 seu
1342 2411 1421 2444 alio·
1441 2411 1552 2455 quot-is
1568 2411 1657 2444 titulo
1679 2421 1750 2443 con-

1008 2466 1096 2510 sequi
1112 2472 1142 2498 et
1167 2465 1293 2505 habere,
1313 2475 1348 2497 ac
1366 2464 1404 2497 ad
1421 2464 1567 2507 aequales
1585 2463 1747 2507 portiones

1007 2530 1079 2552 cum
1105 2518 1253 2561 legitimis
1277 2517 1467 2559 succedere,
1495 2527 1548 2550 eos
1577 2516 1615 2549 ad
1639 2516 1745 2549 onmia

1048 2583 1053 2607 t
1071 2581 1136 2608 Male
1147 2580 1210 2607 edit.
1224 2580 1301 2608 Main.
1315 2580 1378 2614 legit
1395 2580 1466 2605 alins
1483 2588 1528 2614 pro
1546 2580 1604 2608 alin
1617 2587 1653 2615 inti.
1665 2580 1711 2614 T.).

1660 165 1724 199 905
1771 173 1950 201 An.C.1656
