<?xml version="1.0" encoding="UTF-8"?>
<!DOCTYPE html PUBLIC "-//W3C//DTD XHTML 1.0 Transitional//EN"
    "http://www.w3.org/TR/xhtml1/DTD/xhtml1-transitional.dtd">
<html xmlns="http://www.w3.org/1999/xhtml" xml:lang="en" lang="en">
 <head>
  <title>
</title>
<meta http-equiv="Content-Type" content="text/html;charset=utf-8" />
  <meta name='ocr-system' content='tesseract 3.04.00' />
  <meta name='ocr-capabilities' content='ocr_page ocr_carea ocr_par ocr_line ocrx_word'/>
</head>
<body>
  <div class='ocr_page' id='page_1' title='image "./bullarumdiplomat16cath_0569.png"; bbox 0 0 2243 3205; ppageno 0'>
   <div class='ocr_carea' id='block_1_1' title="bbox 4 178 186 209">
    <p class='ocr_par' dir='ltr' id='par_1_1' title="bbox 4 178 186 209">
     <span class='ocr_line' id='line_1_1' title="bbox 4 178 186 209; baseline -0.022 0"><span class='ocrx_word' id='word_1_1' title='bbox 4 182 52 209; x_wconf 78' lang='lat' dir='ltr'>An.</span> <span class='ocrx_word' id='word_1_2' title='bbox 72 180 100 207; x_wconf 87' lang='lat' dir='ltr'>C.</span> <span class='ocrx_word' id='word_1_3' title='bbox 120 178 186 206; x_wconf 75' lang='lat'>¹660</span> 
     </span>
    </p>
   </div>
   <div class='ocr_carea' id='block_1_2' title="bbox 13 1195 191 1247">
    <p class='ocr_par' dir='ltr' id='par_1_2' title="bbox 13 1195 191 1247">
     <span class='ocr_line' id='line_1_2' title="bbox 25 1195 191 1227; baseline -0.012 -9"><span class='ocrx_word' id='word_1_4' title='bbox 25 1223 28 1227; x_wconf 92' lang='lat'>.</span> <span class='ocrx_word' id='word_1_5' title='bbox 38 1197 146 1218; x_wconf 73' lang='lat' dir='ltr'><strong>Decretum</strong></span> <span class='ocrx_word' id='word_1_6' title='bbox 165 1195 191 1216; x_wconf 82' lang='lat' dir='ltr'>ir-</span> 
     </span>
     <span class='ocr_line' id='line_1_3' title="bbox 13 1225 83 1247; baseline 0 -3"><span class='ocrx_word' id='word_1_7' title='bbox 13 1225 83 1247; x_wconf 70' lang='lat' dir='ltr'>tutans.</span> 
     </span>
    </p>
   </div>
   <div class='ocr_carea' id='block_1_3' title="bbox 16 1514 195 1538">
    <p class='ocr_par' dir='ltr' id='par_1_3' title="bbox 16 1514 195 1538">
     <span class='ocr_line' id='line_1_4' title="bbox 16 1514 195 1538; baseline -0.017 0"><span class='ocrx_word' id='word_1_8' title='bbox 16 1515 123 1538; x_wconf 72' lang='lat' dir='ltr'>Contraria</span> <span class='ocrx_word' id='word_1_9' title='bbox 135 1514 195 1536; x_wconf 84' lang='lat' dir='ltr'>toltit.</span> 
     </span>
    </p>
   </div>
   <div class='ocr_carea' id='block_1_4' title="bbox 788 174 1111 199">
    <p class='ocr_par' dir='ltr' id='par_1_4' title="bbox 788 174 1111 199">
     <span class='ocr_line' id='line_1_5' title="bbox 788 174 1111 199; baseline -0.009 0"><span class='ocrx_word' id='word_1_10' title='bbox 788 175 972 199; x_wconf 75' lang='lat' dir='ltr'><strong>ALEXANDER</strong></span> <span class='ocrx_word' id='word_1_11' title='bbox 997 174 1041 198; x_wconf 83' lang='lat' dir='ltr'>VII</span> <span class='ocrx_word' id='word_1_12' title='bbox 1065 174 1111 198; x_wconf 68' lang='lat' dir='ltr'>I’P.</span> 
     </span>
    </p>
   </div>
   <div class='ocr_carea' id='block_1_5' title="bbox 194 224 962 2623">
    <p class='ocr_par' dir='ltr' id='par_1_5' title="bbox 194 224 939 587">
     <span class='ocr_line' id='line_1_6' title="bbox 194 224 935 269; baseline -0.003 -11"><span class='ocrx_word' id='word_1_13' title='bbox 194 225 262 266; x_wconf 88' lang='lat' dir='ltr'>rali,</span> <span class='ocrx_word' id='word_1_14' title='bbox 275 225 356 258; x_wconf 87' lang='lat' dir='ltr'>sicut</span> <span class='ocrx_word' id='word_1_15' title='bbox 369 224 592 269; x_wconf 86' lang='lat' dir='ltr'>praemittitur,</span> <span class='ocrx_word' id='word_1_16' title='bbox 607 224 735 266; x_wconf 85' lang='lat' dir='ltr'>editum,</span> <span class='ocrx_word' id='word_1_17' title='bbox 750 224 935 257; x_wconf 87' lang='lat' dir='ltr'>auctoritate</span> 
     </span>
     <span class='ocr_line' id='line_1_7' title="bbox 194 277 935 322; baseline -0.004 -10"><span class='ocrx_word' id='word_1_18' title='bbox 194 278 379 322; x_wconf 79' lang='lat' dir='ltr'>apostolica,</span> <span class='ocrx_word' id='word_1_19' title='bbox 398 283 505 311; x_wconf 88' lang='lat' dir='ltr'>tenore</span> <span class='ocrx_word' id='word_1_20' title='bbox 527 278 751 322; x_wconf 82' lang='lat' dir='ltr'>praesentium,</span> <span class='ocrx_word' id='word_1_21' title='bbox 767 277 935 311; x_wconf 82' lang='lat' dir='ltr'>confirma-</span> 
     </span>
     <span class='ocr_line' id='line_1_8' title="bbox 195 330 937 376; baseline -0.003 -12"><span class='ocrx_word' id='word_1_22' title='bbox 195 342 266 364; x_wconf 88' lang='lat' dir='ltr'>mus</span> <span class='ocrx_word' id='word_1_23' title='bbox 286 336 316 364; x_wconf 89' lang='lat' dir='ltr'>et</span> <span class='ocrx_word' id='word_1_24' title='bbox 347 331 582 376; x_wconf 79' lang='lat' dir='ltr'>approbamus,</span> <span class='ocrx_word' id='word_1_25' title='bbox 611 332 718 375; x_wconf 89' lang='lat' dir='ltr'>illique</span> <span class='ocrx_word' id='word_1_26' title='bbox 748 330 937 364; x_wconf 74' lang='lat' dir='ltr'>inviolabilis</span> 
     </span>
     <span class='ocr_line' id='line_1_9' title="bbox 195 384 937 429; baseline -0.001 -12"><span class='ocrx_word' id='word_1_27' title='bbox 195 384 385 429; x_wconf 88' lang='lat' dir='ltr'>apostolicae</span> <span class='ocrx_word' id='word_1_28' title='bbox 411 384 567 418; x_wconf 80' lang='lat' dir='ltr'>firmitatis</span> <span class='ocrx_word' id='word_1_29' title='bbox 592 384 690 418; x_wconf 86' lang='lat' dir='ltr'>robur</span> <span class='ocrx_word' id='word_1_30' title='bbox 711 384 885 424; x_wconf 89' lang='lat' dir='ltr'>adiicimus,</span> <span class='ocrx_word' id='word_1_31' title='bbox 902 394 937 416; x_wconf 88' lang='lat' dir='ltr'>ac</span> 
     </span>
     <span class='ocr_line' id='line_1_10' title="bbox 196 436 939 480; baseline -0.001 -10"><span class='ocrx_word' id='word_1_32' title='bbox 196 447 307 470; x_wconf 89' lang='lat' dir='ltr'>omnes</span> <span class='ocrx_word' id='word_1_33' title='bbox 332 443 361 470; x_wconf 93' lang='lat' dir='ltr'>et</span> <span class='ocrx_word' id='word_1_34' title='bbox 385 437 527 480; x_wconf 80' lang='lat' dir='ltr'>singulos</span> <span class='ocrx_word' id='word_1_35' title='bbox 545 442 605 470; x_wconf 90' lang='lat' dir='ltr'>tam</span> <span class='ocrx_word' id='word_1_36' title='bbox 632 437 709 470; x_wconf 89' lang='lat' dir='ltr'>iuris</span> <span class='ocrx_word' id='word_1_37' title='bbox 734 441 763 471; x_wconf 89' lang='lat' dir='ltr'>et</span> <span class='ocrx_word' id='word_1_38' title='bbox 787 437 857 470; x_wconf 83' lang='lat' dir='ltr'>sacti</span> <span class='ocrx_word' id='word_1_39' title='bbox 890 436 939 469; x_wconf 88' lang='lat' dir='ltr'>de-</span> 
     </span>
     <span class='ocr_line' id='line_1_11' title="bbox 200 490 938 535; baseline 0 -12"><span class='ocrx_word' id='word_1_40' title='bbox 200 490 314 530; x_wconf 83' lang='lat' dir='ltr'>fectus,</span> <span class='ocrx_word' id='word_1_41' title='bbox 339 490 364 523; x_wconf 91' lang='lat' dir='ltr'>si</span> <span class='ocrx_word' id='word_1_42' title='bbox 390 491 443 533; x_wconf 90' lang='lat' dir='ltr'>qui</span> <span class='ocrx_word' id='word_1_43' title='bbox 468 491 604 535; x_wconf 90' lang='lat' dir='ltr'>desuper</span> <span class='ocrx_word' id='word_1_44' title='bbox 628 490 866 534; x_wconf 79' lang='lat' dir='ltr'>quomodolibet</span> <span class='ocrx_word' id='word_1_45' title='bbox 893 490 938 523; x_wconf 94' lang='lat' dir='ltr'>in-</span> 
     </span>
     <span class='ocr_line' id='line_1_12' title="bbox 198 543 609 587; baseline 0.002 -11"><span class='ocrx_word' id='word_1_46' title='bbox 198 543 400 585; x_wconf 84' lang='lat' dir='ltr'>tervenerint,</span> <span class='ocrx_word' id='word_1_47' title='bbox 418 544 609 587; x_wconf 80' lang='lat' dir='ltr'>supplemus,</span> 
     </span>
    </p>

    <p class='ocr_par' dir='ltr' id='par_1_6' title="bbox 199 596 946 1174">
     <span class='ocr_line' id='line_1_13' title="bbox 243 596 939 641; baseline 0.001 -12"><span class='ocrx_word' id='word_1_48' title='bbox 243 597 258 640; x_wconf 64' lang='lat' dir='ltr'>§t</span> <span class='ocrx_word' id='word_1_49' title='bbox 282 596 312 629; x_wconf 78' lang='lat'>4.</span> <span class='ocrx_word' id='word_1_50' title='bbox 337 597 502 630; x_wconf 88' lang='lat' dir='ltr'>Praeterea</span> <span class='ocrx_word' id='word_1_51' title='bbox 527 597 557 629; x_wconf 91' lang='lat' dir='ltr'>in</span> <span class='ocrx_word' id='word_1_52' title='bbox 582 597 704 630; x_wconf 85' lang='lat' dir='ltr'>vocales</span> <span class='ocrx_word' id='word_1_53' title='bbox 731 597 859 641; x_wconf 88' lang='lat' dir='ltr'>capituli</span> <span class='ocrx_word' id='word_1_54' title='bbox 885 608 939 640; x_wconf 79' lang='lat' dir='ltr'>ge-</span> 
     </span>
     <span class='ocr_line' id='line_1_14' title="bbox 199 649 940 693; baseline 0 -11"><span class='ocrx_word' id='word_1_55' title='bbox 199 649 316 683; x_wconf 87' lang='lat' dir='ltr'>neralis</span> <span class='ocrx_word' id='word_1_56' title='bbox 346 649 447 683; x_wconf 90' lang='lat' dir='ltr'>dictae</span> <span class='ocrx_word' id='word_1_57' title='bbox 475 650 729 693; x_wconf 79' lang='lat' dir='ltr'>congregationis</span> <span class='ocrx_word' id='word_1_58' title='bbox 761 650 940 683; x_wconf 89' lang='lat' dir='ltr'>ministrum</span> 
     </span>
     <span class='ocr_line' id='line_1_15' title="bbox 200 701 941 746; baseline 0 -11"><span class='ocrx_word' id='word_1_59' title='bbox 200 702 392 745; x_wconf 85' lang='lat' dir='ltr'>generalem,</span> <span class='ocrx_word' id='word_1_60' title='bbox 410 701 595 735; x_wconf 89' lang='lat' dir='ltr'>diffinitores</span> <span class='ocrx_word' id='word_1_61' title='bbox 620 703 794 745; x_wconf 76' lang='lat' dir='ltr'>generales,</span> <span class='ocrx_word' id='word_1_62' title='bbox 812 703 941 746; x_wconf 75' lang='lat' dir='ltr'>provin-</span> 
     </span>
     <span class='ocr_line' id='line_1_16' title="bbox 201 755 943 799; baseline -0.001 -10"><span class='ocrx_word' id='word_1_63' title='bbox 201 755 317 796; x_wconf 88' lang='lat' dir='ltr'>ciales,</span> <span class='ocrx_word' id='word_1_64' title='bbox 342 760 373 789; x_wconf 90' lang='lat' dir='ltr'>et</span> <span class='ocrx_word' id='word_1_65' title='bbox 402 765 500 788; x_wconf 91' lang='lat' dir='ltr'>unum</span> <span class='ocrx_word' id='word_1_66' title='bbox 526 755 644 788; x_wconf 89' lang='lat' dir='ltr'>socium</span> <span class='ocrx_word' id='word_1_67' title='bbox 670 766 729 799; x_wconf 91' lang='lat' dir='ltr'>pro</span> <span class='ocrx_word' id='word_1_68' title='bbox 753 757 943 799; x_wconf 76' lang='lat' dir='ltr'>unaquaque</span> 
     </span>
     <span class='ocr_line' id='line_1_17' title="bbox 200 809 943 854; baseline 0 -12"><span class='ocrx_word' id='word_1_69' title='bbox 200 809 363 854; x_wconf 76' lang='lat' dir='ltr'>provincia</span> <span class='ocrx_word' id='word_1_70' title='bbox 387 809 484 853; x_wconf 90' lang='lat' dir='ltr'>ipsius</span> <span class='ocrx_word' id='word_1_71' title='bbox 509 809 778 852; x_wconf 79' lang='lat' dir='ltr'>congregationis,</span> <span class='ocrx_word' id='word_1_72' title='bbox 804 809 856 853; x_wconf 91' lang='lat' dir='ltr'>qui</span> <span class='ocrx_word' id='word_1_73' title='bbox 882 811 943 842; x_wconf 79' lang='lat' dir='ltr'>una</span> 
     </span>
     <span class='ocr_line' id='line_1_18' title="bbox 202 862 943 908; baseline 0 -12"><span class='ocrx_word' id='word_1_74' title='bbox 202 873 272 896; x_wconf 91' lang='lat' dir='ltr'>cum</span> <span class='ocrx_word' id='word_1_75' title='bbox 294 862 480 908; x_wconf 77' lang='lat' dir='ltr'>provinciali</span> <span class='ocrx_word' id='word_1_76' title='bbox 498 863 625 896; x_wconf 83' lang='lat' dir='ltr'>veniens</span> <span class='ocrx_word' id='word_1_77' title='bbox 647 863 725 895; x_wconf 86' lang='lat' dir='ltr'>ferat</span> <span class='ocrx_word' id='word_1_78' title='bbox 743 873 851 896; x_wconf 82' lang='lat' dir='ltr'>vocem</span> <span class='ocrx_word' id='word_1_79' title='bbox 869 874 943 906; x_wconf 87' lang='lat' dir='ltr'>pro-</span> 
     </span>
     <span class='ocr_line' id='line_1_19' title="bbox 202 916 945 958; baseline 0 -8"><span class='ocrx_word' id='word_1_80' title='bbox 202 917 333 958; x_wconf 89' lang='lat' dir='ltr'>vinciae,</span> <span class='ocrx_word' id='word_1_81' title='bbox 353 922 384 950; x_wconf 90' lang='lat' dir='ltr'>et</span> <span class='ocrx_word' id='word_1_82' title='bbox 407 917 518 951; x_wconf 89' lang='lat' dir='ltr'>debeat</span> <span class='ocrx_word' id='word_1_83' title='bbox 535 927 602 950; x_wconf 89' lang='lat' dir='ltr'>esse</span> <span class='ocrx_word' id='word_1_84' title='bbox 627 927 708 950; x_wconf 90' lang='lat' dir='ltr'>unus</span> <span class='ocrx_word' id='word_1_85' title='bbox 733 927 769 949; x_wconf 87' lang='lat' dir='ltr'>ex</span> <span class='ocrx_word' id='word_1_86' title='bbox 795 916 945 950; x_wconf 75' lang='lat' dir='ltr'>ministris</span> 
     </span>
     <span class='ocr_line' id='line_1_20' title="bbox 203 970 946 1015; baseline -0.003 -11"><span class='ocrx_word' id='word_1_87' title='bbox 203 971 462 1005; x_wconf 77' lang='lat' dir='ltr'>conventualibus</span> <span class='ocrx_word' id='word_1_88' title='bbox 480 971 577 1015; x_wconf 89' lang='lat' dir='ltr'>ipsius</span> <span class='ocrx_word' id='word_1_89' title='bbox 590 970 782 1015; x_wconf 76' lang='lat' dir='ltr'>provinciae,</span> <span class='ocrx_word' id='word_1_90' title='bbox 795 970 875 1003; x_wconf 88' lang='lat' dir='ltr'>sicut</span> <span class='ocrx_word' id='word_1_91' title='bbox 890 981 946 1013; x_wconf 89' lang='lat' dir='ltr'>per</span> 
     </span>
     <span class='ocr_line' id='line_1_21' title="bbox 203 1024 944 1067; baseline -0.003 -10"><span class='ocrx_word' id='word_1_92' title='bbox 203 1029 355 1058; x_wconf 88' lang='lat' dir='ltr'>statutum</span> <span class='ocrx_word' id='word_1_93' title='bbox 385 1029 414 1057; x_wconf 90' lang='lat' dir='ltr'>et</span> <span class='ocrx_word' id='word_1_94' title='bbox 438 1024 600 1057; x_wconf 89' lang='lat' dir='ltr'>decretum</span> <span class='ocrx_word' id='word_1_95' title='bbox 633 1034 729 1067; x_wconf 88' lang='lat' dir='ltr'>supra</span> <span class='ocrx_word' id='word_1_96' title='bbox 761 1034 944 1067; x_wconf 81' lang='lat' dir='ltr'>expressum</span> 
     </span>
     <span class='ocr_line' id='line_1_22' title="bbox 205 1077 946 1123; baseline -0.004 -12"><span class='ocrx_word' id='word_1_97' title='bbox 205 1077 333 1123; x_wconf 89' lang='lat' dir='ltr'>petitur,</span> <span class='ocrx_word' id='word_1_98' title='bbox 354 1077 540 1111; x_wconf 89' lang='lat' dir='ltr'>auctoritate</span> <span class='ocrx_word' id='word_1_99' title='bbox 561 1082 590 1111; x_wconf 83' lang='lat' dir='ltr'>et</span> <span class='ocrx_word' id='word_1_100' title='bbox 609 1082 716 1110; x_wconf 88' lang='lat' dir='ltr'>tenore</span> <span class='ocrx_word' id='word_1_101' title='bbox 741 1077 887 1121; x_wconf 84' lang='lat' dir='ltr'>praefatis</span> <span class='ocrx_word' id='word_1_102' title='bbox 902 1087 946 1109; x_wconf 89' lang='lat' dir='ltr'>as-</span> 
     </span>
     <span class='ocr_line' id='line_1_23' title="bbox 206 1130 376 1174; baseline 0 -10"><span class='ocrx_word' id='word_1_103' title='bbox 206 1130 376 1174; x_wconf 76' lang='lat' dir='ltr'>signamus</span> 
     </span>
    </p>

    <p class='ocr_par' dir='ltr' id='par_1_7' title="bbox 207 1183 950 1495">
     <span class='ocr_line' id='line_1_24' title="bbox 251 1183 947 1228; baseline -0.004 -10"><span class='ocrx_word' id='word_1_104' title='bbox 251 1185 266 1228; x_wconf 74' lang='lat'><strong>§</strong></span> <span class='ocrx_word' id='word_1_105' title='bbox 283 1183 312 1218; x_wconf 84' lang='lat'>5.</span> <span class='ocrx_word' id='word_1_106' title='bbox 330 1185 540 1217; x_wconf 89' lang='lat' dir='ltr'>Decernentes</span> <span class='ocrx_word' id='word_1_107' title='bbox 560 1183 683 1217; x_wconf 87' lang='lat' dir='ltr'>easdem</span> <span class='ocrx_word' id='word_1_108' title='bbox 701 1189 881 1227; x_wconf 73' lang='lat' dir='ltr'>praesentes</span> <span class='ocrx_word' id='word_1_109' title='bbox 901 1183 947 1215; x_wconf 88' lang='lat' dir='ltr'>lit-</span> 
     </span>
     <span class='ocr_line' id='line_1_25' title="bbox 207 1236 946 1281; baseline -0.003 -11"><span class='ocrx_word' id='word_1_110' title='bbox 207 1242 289 1270; x_wconf 89' lang='lat' dir='ltr'>teras</span> <span class='ocrx_word' id='word_1_111' title='bbox 306 1248 432 1281; x_wconf 78' lang='lat' dir='ltr'>semper</span> <span class='ocrx_word' id='word_1_112' title='bbox 444 1237 563 1277; x_wconf 84' lang='lat' dir='ltr'>firmas,</span> <span class='ocrx_word' id='word_1_113' title='bbox 578 1242 646 1279; x_wconf 87' lang='lat' dir='ltr'>etc.‚</span> <span class='ocrx_word' id='word_1_114' title='bbox 660 1236 882 1270; x_wconf 84' lang='lat' dir='ltr'>inviolabiliter</span> <span class='ocrx_word' id='word_1_115' title='bbox 896 1236 946 1269; x_wconf 87' lang='lat' dir='ltr'>ob-</span> 
     </span>
     <span class='ocr_line' id='line_1_26' title="bbox 207 1290 948 1335; baseline -0.003 -11"><span class='ocrx_word' id='word_1_116' title='bbox 207 1291 336 1332; x_wconf 85' lang='lat' dir='ltr'>servari,</span> <span class='ocrx_word' id='word_1_117' title='bbox 351 1291 457 1335; x_wconf 89' lang='lat' dir='ltr'>sicque</span> <span class='ocrx_word' id='word_1_118' title='bbox 472 1291 502 1323; x_wconf 91' lang='lat' dir='ltr'>in</span> <span class='ocrx_word' id='word_1_119' title='bbox 519 1290 699 1335; x_wconf 81' lang='lat' dir='ltr'>praemissis</span> <span class='ocrx_word' id='word_1_120' title='bbox 715 1301 771 1334; x_wconf 86' lang='lat' dir='ltr'>per</span> <span class='ocrx_word' id='word_1_121' title='bbox 784 1301 948 1334; x_wconf 89' lang='lat' dir='ltr'>quoscum-</span> 
     </span>
     <span class='ocr_line' id='line_1_27' title="bbox 208 1345 948 1389; baseline -0.001 -11"><span class='ocrx_word' id='word_1_122' title='bbox 208 1356 269 1389; x_wconf 87' lang='lat' dir='ltr'>que</span> <span class='ocrx_word' id='word_1_123' title='bbox 294 1345 413 1379; x_wconf 89' lang='lat' dir='ltr'>iudices</span> <span class='ocrx_word' id='word_1_124' title='bbox 441 1345 618 1379; x_wconf 90' lang='lat' dir='ltr'>ordinarios</span> <span class='ocrx_word' id='word_1_125' title='bbox 643 1350 672 1378; x_wconf 87' lang='lat' dir='ltr'>et</span> <span class='ocrx_word' id='word_1_126' title='bbox 693 1345 862 1388; x_wconf 73' lang='lat' dir='ltr'>delegatos,</span> <span class='ocrx_word' id='word_1_127' title='bbox 880 1349 948 1385; x_wconf 61' lang='lat' dir='ltr'>etr„</span> 
     </span>
     <span class='ocr_line' id='line_1_28' title="bbox 209 1399 950 1440; baseline -0.001 -8"><span class='ocrx_word' id='word_1_128' title='bbox 209 1399 333 1432; x_wconf 88' lang='lat' dir='ltr'>definiri</span> <span class='ocrx_word' id='word_1_129' title='bbox 355 1399 481 1440; x_wconf 87' lang='lat' dir='ltr'>debere,</span> <span class='ocrx_word' id='word_1_130' title='bbox 498 1410 533 1432; x_wconf 89' lang='lat' dir='ltr'>ac</span> <span class='ocrx_word' id='word_1_131' title='bbox 551 1399 676 1432; x_wconf 89' lang='lat' dir='ltr'>irritum</span> <span class='ocrx_word' id='word_1_132' title='bbox 695 1404 724 1431; x_wconf 84' lang='lat' dir='ltr'>et</span> <span class='ocrx_word' id='word_1_133' title='bbox 745 1399 846 1440; x_wconf 83' lang='lat' dir='ltr'>inane,</span> <span class='ocrx_word' id='word_1_134' title='bbox 865 1399 889 1431; x_wconf 89' lang='lat' dir='ltr'>si</span> <span class='ocrx_word' id='word_1_135' title='bbox 907 1409 950 1431; x_wconf 91' lang='lat' dir='ltr'>se-</span> 
     </span>
     <span class='ocr_line' id='line_1_29' title="bbox 210 1452 722 1495; baseline -0.002 -9"><span class='ocrx_word' id='word_1_136' title='bbox 210 1463 275 1494; x_wconf 77' lang='lat' dir='ltr'>cuS,</span> <span class='ocrx_word' id='word_1_137' title='bbox 294 1457 363 1493; x_wconf 72' lang='lat' dir='ltr'>etc,</span> <span class='ocrx_word' id='word_1_138' title='bbox 381 1452 548 1495; x_wconf 81' lang='lat' dir='ltr'>eontigerit</span> <span class='ocrx_word' id='word_1_139' title='bbox 568 1452 722 1485; x_wconf 87' lang='lat' dir='ltr'>attentari.</span> 
     </span>
    </p>

    <p class='ocr_par' dir='ltr' id='par_1_8' title="bbox 211 1505 962 2623">
     <span class='ocr_line' id='line_1_30' title="bbox 255 1505 951 1550; baseline -0.004 -10"><span class='ocrx_word' id='word_1_140' title='bbox 255 1506 270 1550; x_wconf 64' lang='grc' dir='ltr'><strong>ἓ</strong></span> <span class='ocrx_word' id='word_1_141' title='bbox 294 1506 323 1541; x_wconf 79' lang='lat' dir='ltr'>G.</span> <span class='ocrx_word' id='word_1_142' title='bbox 349 1507 416 1540; x_wconf 89' lang='lat' dir='ltr'>Non</span> <span class='ocrx_word' id='word_1_143' title='bbox 440 1506 636 1539; x_wconf 70' lang='lat' dir='ltr'>obstantibus</span> <span class='ocrx_word' id='word_1_144' title='bbox 660 1505 850 1550; x_wconf 72' lang='lat' dir='ltr'>praemissis,</span> <span class='ocrx_word' id='word_1_145' title='bbox 879 1516 951 1538; x_wconf 85' lang='lat' dir='ltr'>nec-</span> 
     </span>
     <span class='ocr_line' id='line_1_31' title="bbox 211 1559 952 1594; baseline -0.003 -1"><span class='ocrx_word' id='word_1_146' title='bbox 211 1570 275 1594; x_wconf 88' lang='lat' dir='ltr'>non</span> <span class='ocrx_word' id='word_1_147' title='bbox 308 1559 404 1592; x_wconf 85' lang='lat' dir='ltr'>felicis</span> <span class='ocrx_word' id='word_1_148' title='bbox 438 1559 665 1592; x_wconf 86' lang='lat' dir='ltr'>recordationis</span> <span class='ocrx_word' id='word_1_149' title='bbox 696 1559 863 1593; x_wconf 89' lang='lat' dir='ltr'>Clementis</span> <span class='ocrx_word' id='word_1_150' title='bbox 889 1559 952 1591; x_wconf 75' lang='lat' dir='ltr'>VllI</span> 
     </span>
     <span class='ocr_line' id='line_1_32' title="bbox 213 1612 955 1658; baseline -0.001 -12"><span class='ocrx_word' id='word_1_151' title='bbox 213 1623 291 1658; x_wconf 84' lang='lat' dir='ltr'>quae</span> <span class='ocrx_word' id='word_1_152' title='bbox 306 1612 459 1657; x_wconf 89' lang='lat' dir='ltr'>incipiunt</span> <span class='ocrx_word' id='word_1_153' title='bbox 478 1613 532 1646; x_wconf 68' lang='lat' dir='ltr'>Act</span> <span class='ocrx_word' id='word_1_154' title='bbox 544 1613 723 1646; x_wconf 78' lang='lat' dir='ltr'>militantis</span> <span class='ocrx_word' id='word_1_155' title='bbox 736 1612 896 1646; x_wconf 72' lang='lat' dir='ltr'>Ecclesiae</span> <span class='ocrx_word' id='word_1_156' title='bbox 909 1623 955 1645; x_wconf 75' lang='lat' dir='ltr'>re-</span> 
     </span>
     <span class='ocr_line' id='line_1_33' title="bbox 212 1666 953 1711; baseline -0.003 -11"><span class='ocrx_word' id='word_1_157' title='bbox 212 1667 334 1711; x_wconf 74' lang='lat' dir='ltr'>yimen,</span> <span class='ocrx_word' id='word_1_158' title='bbox 348 1666 398 1699; x_wconf 92' lang='lat' dir='ltr'>die</span> <span class='ocrx_word' id='word_1_159' title='bbox 412 1676 451 1699; x_wconf 81' lang='lat' dir='ltr'>xx</span> <span class='ocrx_word' id='word_1_160' title='bbox 473 1667 598 1709; x_wconf 77' lang='lat' dir='ltr'>augusti</span> <span class='ocrx_word' id='word_1_161' title='bbox 618 1676 765 1708; x_wconf 67' lang='lat' dir='ltr'>itincxcix,</span> <span class='ocrx_word' id='word_1_162' title='bbox 787 1671 816 1699; x_wconf 90' lang='lat' dir='ltr'>et</span> <span class='ocrx_word' id='word_1_163' title='bbox 831 1667 916 1698; x_wconf 86' lang='lat' dir='ltr'>Pauli</span> <span class='ocrx_word' id='word_1_164' title='bbox 932 1667 953 1698; x_wconf 85' lang='lat' dir='ltr'>V</span> 
     </span>
     <span class='ocr_line' id='line_1_34' title="bbox 213 1720 953 1763; baseline -0.004 -9"><span class='ocrx_word' id='word_1_165' title='bbox 213 1721 428 1754; x_wconf 89' lang='lat' dir='ltr'>Romanorum</span> <span class='ocrx_word' id='word_1_166' title='bbox 454 1720 642 1753; x_wconf 77' lang='lat' dir='ltr'>Pontificum</span> <span class='ocrx_word' id='word_1_167' title='bbox 674 1720 953 1763; x_wconf 78' lang='lat' dir='ltr'>praedecessorum</span> 
     </span>
     <span class='ocr_line' id='line_1_35' title="bbox 214 1773 955 1817; baseline -0.003 -10"><span class='ocrx_word' id='word_1_168' title='bbox 214 1780 408 1815; x_wconf 87' lang='lat' dir='ltr'>nostrorum,</span> <span class='ocrx_word' id='word_1_169' title='bbox 437 1784 570 1817; x_wconf 90' lang='lat' dir='ltr'>quarum</span> <span class='ocrx_word' id='word_1_170' title='bbox 597 1773 719 1806; x_wconf 89' lang='lat' dir='ltr'>initium</span> <span class='ocrx_word' id='word_1_171' title='bbox 745 1774 786 1807; x_wconf 82' lang='lat' dir='ltr'>In</span> <span class='ocrx_word' id='word_1_172' title='bbox 806 1783 955 1817; x_wconf 80' lang='lat' dir='ltr'>supremo</span> 
     </span>
     <span class='ocr_line' id='line_1_36' title="bbox 214 1827 956 1869; baseline -0.004 -8"><span class='ocrx_word' id='word_1_173' title='bbox 214 1827 391 1862; x_wconf 74' lang='lat' dir='ltr'>militantis</span> <span class='ocrx_word' id='word_1_174' title='bbox 416 1827 575 1861; x_wconf 79' lang='lat' dir='ltr'>Ecclesiae</span> <span class='ocrx_word' id='word_1_175' title='bbox 599 1827 689 1867; x_wconf 80' lang='lat' dir='ltr'>solio,</span> <span class='ocrx_word' id='word_1_176' title='bbox 710 1827 759 1859; x_wconf 90' lang='lat' dir='ltr'>die</span> <span class='ocrx_word' id='word_1_177' title='bbox 784 1837 836 1859; x_wconf 81' lang='lat' dir='ltr'>xiv</span> <span class='ocrx_word' id='word_1_178' title='bbox 862 1838 956 1869; x_wconf 75' lang='lat' dir='ltr'>augu-</span> 
     </span>
     <span class='ocr_line' id='line_1_37' title="bbox 215 1879 956 1924; baseline -0.004 -10"><span class='ocrx_word' id='word_1_179' title='bbox 215 1881 253 1915; x_wconf 87' lang='lat' dir='ltr'>sti</span> <span class='ocrx_word' id='word_1_180' title='bbox 278 1891 398 1915; x_wconf 82' lang='lat' dir='ltr'>MDcxut</span> <span class='ocrx_word' id='word_1_181' title='bbox 424 1881 598 1924; x_wconf 73' lang='lat' dir='ltr'>respective</span> <span class='ocrx_word' id='word_1_182' title='bbox 623 1880 774 1913; x_wconf 90' lang='lat' dir='ltr'>emanatis</span> <span class='ocrx_word' id='word_1_183' title='bbox 801 1880 830 1912; x_wconf 89' lang='lat' dir='ltr'>in</span> <span class='ocrx_word' id='word_1_184' title='bbox 863 1879 956 1912; x_wconf 82' lang='lat' dir='ltr'>simili</span> 
     </span>
     <span class='ocr_line' id='line_1_38' title="bbox 216 1933 956 1977; baseline -0.003 -10"><span class='ocrx_word' id='word_1_185' title='bbox 216 1935 318 1968; x_wconf 74' lang='lat' dir='ltr'>forma</span> <span class='ocrx_word' id='word_1_186' title='bbox 336 1934 441 1967; x_wconf 71' lang='lat' dir='ltr'>Brevis</span> <span class='ocrx_word' id='word_1_187' title='bbox 455 1933 576 1974; x_wconf 90' lang='lat' dir='ltr'>litteris,</span> <span class='ocrx_word' id='word_1_188' title='bbox 595 1944 652 1977; x_wconf 84' lang='lat' dir='ltr'>per</span> <span class='ocrx_word' id='word_1_189' title='bbox 669 1944 746 1977; x_wconf 88' lang='lat' dir='ltr'>quas</span> <span class='ocrx_word' id='word_1_190' title='bbox 763 1933 956 1973; x_wconf 82' lang='lat' dir='ltr'>conceditur,</span> 
     </span>
     <span class='ocr_line' id='line_1_39' title="bbox 216 1988 954 2033; baseline -0.001 -12"><span class='ocrx_word' id='word_1_191' title='bbox 216 1988 301 2033; x_wconf 91' lang='lat' dir='ltr'>quod</span> <span class='ocrx_word' id='word_1_192' title='bbox 326 1988 460 2021; x_wconf 83' lang='lat' dir='ltr'>ministri</span> <span class='ocrx_word' id='word_1_193' title='bbox 487 1988 708 2021; x_wconf 80' lang='lat' dir='ltr'>conventuales</span> <span class='ocrx_word' id='word_1_194' title='bbox 732 1988 869 2020; x_wconf 83' lang='lat' dir='ltr'>habeant</span> <span class='ocrx_word' id='word_1_195' title='bbox 898 1998 954 2020; x_wconf 80' lang='lat' dir='ltr'>vo-</span> 
     </span>
     <span class='ocr_line' id='line_1_40' title="bbox 216 2042 957 2086; baseline -0.003 -10"><span class='ocrx_word' id='word_1_196' title='bbox 216 2053 283 2076; x_wconf 85' lang='lat' dir='ltr'>cem</span> <span class='ocrx_word' id='word_1_197' title='bbox 309 2042 339 2075; x_wconf 92' lang='lat' dir='ltr'>in</span> <span class='ocrx_word' id='word_1_198' title='bbox 365 2042 500 2086; x_wconf 90' lang='lat' dir='ltr'>capitulo</span> <span class='ocrx_word' id='word_1_199' title='bbox 531 2042 670 2084; x_wconf 79' lang='lat' dir='ltr'>generali</span> <span class='ocrx_word' id='word_1_200' title='bbox 701 2042 803 2074; x_wconf 88' lang='lat' dir='ltr'>dictae</span> <span class='ocrx_word' id='word_1_201' title='bbox 827 2052 957 2084; x_wconf 74' lang='lat' dir='ltr'>congre-</span> 
     </span>
     <span class='ocr_line' id='line_1_41' title="bbox 216 2095 958 2139; baseline -0.003 -10"><span class='ocrx_word' id='word_1_202' title='bbox 216 2096 361 2139; x_wconf 83' lang='lat' dir='ltr'>gationis,</span> <span class='ocrx_word' id='word_1_203' title='bbox 379 2101 409 2128; x_wconf 86' lang='lat' dir='ltr'>et</span> <span class='ocrx_word' id='word_1_204' title='bbox 433 2096 501 2128; x_wconf 87' lang='lat' dir='ltr'>aliis</span> <span class='ocrx_word' id='word_1_205' title='bbox 526 2095 776 2129; x_wconf 86' lang='lat' dir='ltr'>ordinationibus</span> <span class='ocrx_word' id='word_1_206' title='bbox 797 2100 827 2128; x_wconf 90' lang='lat' dir='ltr'>et</span> <span class='ocrx_word' id='word_1_207' title='bbox 844 2095 958 2128; x_wconf 82' lang='lat' dir='ltr'>eonsti-</span> 
     </span>
     <span class='ocr_line' id='line_1_42' title="bbox 215 2149 960 2193; baseline -0.001 -11"><span class='ocrx_word' id='word_1_208' title='bbox 215 2149 390 2183; x_wconf 87' lang='lat' dir='ltr'>tutionibus</span> <span class='ocrx_word' id='word_1_209' title='bbox 406 2149 595 2193; x_wconf 83' lang='lat' dir='ltr'>apostolicis,</span> <span class='ocrx_word' id='word_1_210' title='bbox 613 2160 649 2182; x_wconf 91' lang='lat' dir='ltr'>ac</span> <span class='ocrx_word' id='word_1_211' title='bbox 673 2149 812 2182; x_wconf 90' lang='lat' dir='ltr'>eiusdem</span> <span class='ocrx_word' id='word_1_212' title='bbox 832 2159 960 2192; x_wconf 72' lang='lat' dir='ltr'>congre-</span> 
     </span>
     <span class='ocr_line' id='line_1_43' title="bbox 216 2203 959 2247; baseline 0 -11"><span class='ocrx_word' id='word_1_213' title='bbox 216 2203 371 2247; x_wconf 84' lang='lat' dir='ltr'>gationis,</span> <span class='ocrx_word' id='word_1_214' title='bbox 397 2203 542 2246; x_wconf 87' lang='lat' dir='ltr'>illiusque</span> <span class='ocrx_word' id='word_1_215' title='bbox 568 2203 824 2246; x_wconf 76' lang='lat' dir='ltr'>provinciarum,</span> <span class='ocrx_word' id='word_1_216' title='bbox 850 2203 959 2236; x_wconf 81' lang='lat' dir='ltr'>domo-</span> 
     </span>
     <span class='ocr_line' id='line_1_44' title="bbox 217 2256 961 2299; baseline -0.001 -10"><span class='ocrx_word' id='word_1_217' title='bbox 217 2266 288 2289; x_wconf 88' lang='lat' dir='ltr'>rum</span> <span class='ocrx_word' id='word_1_218' title='bbox 300 2261 330 2289; x_wconf 90' lang='lat' dir='ltr'>et</span> <span class='ocrx_word' id='word_1_219' title='bbox 341 2261 551 2289; x_wconf 86' lang='lat' dir='ltr'>conventuum</span> <span class='ocrx_word' id='word_1_220' title='bbox 565 2256 760 2299; x_wconf 83' lang='lat' dir='ltr'>quorumvis,</span> <span class='ocrx_word' id='word_1_221' title='bbox 773 2256 865 2288; x_wconf 89' lang='lat' dir='ltr'>etiam</span> <span class='ocrx_word' id='word_1_222' title='bbox 882 2256 961 2288; x_wconf 86' lang='lat' dir='ltr'>iura-</span> 
     </span>
     <span class='ocr_line' id='line_1_45' title="bbox 217 2309 960 2353; baseline -0.003 -10"><span class='ocrx_word' id='word_1_223' title='bbox 217 2315 334 2350; x_wconf 90' lang='lat' dir='ltr'>mento,</span> <span class='ocrx_word' id='word_1_224' title='bbox 355 2315 424 2350; x_wconf 85' lang='lat' dir='ltr'>etc.‚</span> <span class='ocrx_word' id='word_1_225' title='bbox 442 2309 472 2342; x_wconf 93' lang='lat' dir='ltr'>in</span> <span class='ocrx_word' id='word_1_226' title='bbox 493 2310 686 2342; x_wconf 86' lang='lat' dir='ltr'>contrarium</span> <span class='ocrx_word' id='word_1_227' title='bbox 712 2310 960 2353; x_wconf 73' lang='lat' dir='ltr'>praemissorum</span> 
     </span>
     <span class='ocr_line' id='line_1_46' title="bbox 218 2363 962 2408; baseline -0.003 -11"><span class='ocrx_word' id='word_1_228' title='bbox 218 2363 457 2408; x_wconf 85' lang='lat' dir='ltr'>quomodolibet</span> <span class='ocrx_word' id='word_1_229' title='bbox 473 2363 642 2404; x_wconf 85' lang='lat' dir='ltr'>concessis,</span> <span class='ocrx_word' id='word_1_230' title='bbox 661 2363 853 2396; x_wconf 84' lang='lat' dir='ltr'>confirmatis</span> <span class='ocrx_word' id='word_1_231' title='bbox 870 2369 899 2396; x_wconf 91' lang='lat' dir='ltr'>et</span> <span class='ocrx_word' id='word_1_232' title='bbox 921 2363 962 2395; x_wconf 91' lang='lat' dir='ltr'>in-</span> 
     </span>
     <span class='ocr_line' id='line_1_47' title="bbox 218 2416 962 2460; baseline -0.003 -10"><span class='ocrx_word' id='word_1_233' title='bbox 218 2417 357 2457; x_wconf 74' lang='lat' dir='ltr'>novatis,</span> <span class='ocrx_word' id='word_1_234' title='bbox 382 2416 495 2460; x_wconf 90' lang='lat' dir='ltr'>quibus</span> <span class='ocrx_word' id='word_1_235' title='bbox 520 2416 667 2449; x_wconf 86' lang='lat' dir='ltr'>omnibus</span> <span class='ocrx_word' id='word_1_236' title='bbox 685 2422 714 2449; x_wconf 88' lang='lat' dir='ltr'>et</span> <span class='ocrx_word' id='word_1_237' title='bbox 731 2416 872 2459; x_wconf 77' lang='lat' dir='ltr'>singulis,</span> <span class='ocrx_word' id='word_1_238' title='bbox 895 2416 962 2449; x_wconf 90' lang='lat' dir='ltr'>illo-</span> 
     </span>
     <span class='ocr_line' id='line_1_48' title="bbox 219 2470 962 2514; baseline -0.001 -10"><span class='ocrx_word' id='word_1_239' title='bbox 219 2481 290 2504; x_wconf 88' lang='lat' dir='ltr'>rum</span> <span class='ocrx_word' id='word_1_240' title='bbox 317 2477 440 2504; x_wconf 88' lang='lat' dir='ltr'>tenores</span> <span class='ocrx_word' id='word_1_241' title='bbox 466 2470 692 2514; x_wconf 84' lang='lat' dir='ltr'>praesentibus,</span> <span class='ocrx_word' id='word_1_242' title='bbox 717 2475 785 2510; x_wconf 74' lang='lat' dir='ltr'>ete,</span> <span class='ocrx_word' id='word_1_243' title='bbox 811 2470 868 2503; x_wconf 86' lang='lat' dir='ltr'>hac</span> <span class='ocrx_word' id='word_1_244' title='bbox 898 2471 962 2503; x_wconf 84' lang='lat' dir='ltr'>vice</span> 
     </span>
     <span class='ocr_line' id='line_1_49' title="bbox 221 2524 962 2568; baseline -0.001 -10"><span class='ocrx_word' id='word_1_245' title='bbox 221 2524 391 2564; x_wconf 84' lang='lat' dir='ltr'>dumtaxat,</span> <span class='ocrx_word' id='word_1_246' title='bbox 409 2524 588 2568; x_wconf 84' lang='lat' dir='ltr'>specialiter</span> <span class='ocrx_word' id='word_1_247' title='bbox 609 2529 639 2557; x_wconf 86' lang='lat' dir='ltr'>et</span> <span class='ocrx_word' id='word_1_248' title='bbox 658 2534 806 2568; x_wconf 83' lang='lat' dir='ltr'>expresse</span> <span class='ocrx_word' id='word_1_249' title='bbox 830 2524 962 2567; x_wconf 78' lang='lat' dir='ltr'>deroga-</span> 
     </span>
     <span class='ocr_line' id='line_1_50' title="bbox 222 2577 961 2623; baseline 0 -12"><span class='ocrx_word' id='word_1_250' title='bbox 222 2588 306 2620; x_wconf 79' lang='lat' dir='ltr'>mus;</span> <span class='ocrx_word' id='word_1_251' title='bbox 325 2577 502 2623; x_wconf 86' lang='lat' dir='ltr'>ceterisque</span> <span class='ocrx_word' id='word_1_252' title='bbox 519 2578 685 2612; x_wconf 84' lang='lat' dir='ltr'>contrariis</span> <span class='ocrx_word' id='word_1_253' title='bbox 700 2577 961 2623; x_wconf 87' lang='lat' dir='ltr'>quibuscumque.</span> 
     </span>
    </p>
   </div>
   <div class='ocr_carea' id='block_1_6' title="bbox 953 226 984 2588">
    <p class='ocr_par' dir='ltr' id='par_1_9' title="bbox 953 226 984 2588">
     <span class='ocr_line' id='line_1_51' title="bbox 953 226 984 2588; baseline 0 0"><span class='ocrx_word' id='word_1_254' title='bbox 953 226 984 2588; x_wconf 95' lang='lat' dir='ltr'> </span> 
     </span>
    </p>
   </div>
   <div class='ocr_carea' id='block_1_7' title="bbox 969 220 1716 640">
    <p class='ocr_par' dir='ltr' id='par_1_10' title="bbox 969 220 1713 477">
     <span class='ocr_line' id='line_1_52' title="bbox 1008 220 1710 266; baseline -0.004 -11"><span class='ocrx_word' id='word_1_255' title='bbox 1008 223 1028 266; x_wconf 66' lang='lat' dir='ltr'>‘g</span> <span class='ocrx_word' id='word_1_256' title='bbox 1042 222 1070 255; x_wconf 82' lang='lat'>7.</span> <span class='ocrx_word' id='word_1_257' title='bbox 1086 221 1237 255; x_wconf 79' lang='lat' dir='ltr'>Volumus</span> <span class='ocrx_word' id='word_1_258' title='bbox 1251 226 1355 254; x_wconf 86' lang='lat' dir='ltr'>autem</span> <span class='ocrx_word' id='word_1_259' title='bbox 1374 226 1407 254; x_wconf 91' lang='lat' dir='ltr'>ut</span> <span class='ocrx_word' id='word_1_260' title='bbox 1423 220 1606 253; x_wconf 85' lang='lat' dir='ltr'>earumdem</span> <span class='ocrx_word' id='word_1_261' title='bbox 1623 229 1710 264; x_wconf 87' lang='lat' dir='ltr'>prae-</span> 
     </span>
     <span class='ocr_line' id='line_1_53' title="bbox 969 273 1711 318; baseline -0.005 -9"><span class='ocrx_word' id='word_1_262' title='bbox 969 275 1105 308; x_wconf 87' lang='lat' dir='ltr'>sentium</span> <span class='ocrx_word' id='word_1_263' title='bbox 1130 275 1344 318; x_wconf 82' lang='lat' dir='ltr'>transumptis,</span> <span class='ocrx_word' id='word_1_264' title='bbox 1369 284 1474 314; x_wconf 84' lang='lat' dir='ltr'>manu,</span> <span class='ocrx_word' id='word_1_265' title='bbox 1505 279 1573 314; x_wconf 65' lang='lat' dir='ltr'>etc„</span> <span class='ocrx_word' id='word_1_266' title='bbox 1602 273 1711 306; x_wconf 89' lang='lat' dir='ltr'>eadem</span> 
     </span>
     <span class='ocr_line' id='line_1_54' title="bbox 970 326 1712 373; baseline -0.005 -11"><span class='ocrx_word' id='word_1_267' title='bbox 970 339 1103 373; x_wconf 90' lang='lat' dir='ltr'>prorsus</span> <span class='ocrx_word' id='word_1_268' title='bbox 1118 328 1196 361; x_wconf 85' lang='lat' dir='ltr'>fides</span> <span class='ocrx_word' id='word_1_269' title='bbox 1214 327 1400 360; x_wconf 86' lang='lat' dir='ltr'>adhibeatur</span> <span class='ocrx_word' id='word_1_270' title='bbox 1418 327 1533 371; x_wconf 86' lang='lat' dir='ltr'>ubique</span> <span class='ocrx_word' id='word_1_271' title='bbox 1551 328 1582 359; x_wconf 92' lang='lat' dir='ltr'>in</span> <span class='ocrx_word' id='word_1_272' title='bbox 1596 326 1712 359; x_wconf 90' lang='lat' dir='ltr'>iudicio</span> 
     </span>
     <span class='ocr_line' id='line_1_55' title="bbox 971 380 1713 425; baseline -0.005 -9"><span class='ocrx_word' id='word_1_273' title='bbox 971 387 1001 417; x_wconf 87' lang='lat' dir='ltr'>et</span> <span class='ocrx_word' id='word_1_274' title='bbox 1021 386 1121 423; x_wconf 80' lang='lat' dir='ltr'>extra,</span> <span class='ocrx_word' id='word_1_275' title='bbox 1139 392 1219 425; x_wconf 88' lang='lat' dir='ltr'>quae</span> <span class='ocrx_word' id='word_1_276' title='bbox 1239 381 1460 425; x_wconf 82' lang='lat' dir='ltr'>praesentibus</span> <span class='ocrx_word' id='word_1_277' title='bbox 1487 381 1563 424; x_wconf 85' lang='lat' dir='ltr'>ipsis</span> <span class='ocrx_word' id='word_1_278' title='bbox 1588 380 1713 413; x_wconf 89' lang='lat' dir='ltr'>adhibe-</span> 
     </span>
     <span class='ocr_line' id='line_1_56' title="bbox 971 434 1668 477; baseline -0.004 -8"><span class='ocrx_word' id='word_1_279' title='bbox 971 441 1069 477; x_wconf 91' lang='lat' dir='ltr'>retur,</span> <span class='ocrx_word' id='word_1_280' title='bbox 1087 436 1112 468; x_wconf 90' lang='lat' dir='ltr'>si</span> <span class='ocrx_word' id='word_1_281' title='bbox 1137 435 1239 468; x_wconf 84' lang='lat' dir='ltr'>forent</span> <span class='ocrx_word' id='word_1_282' title='bbox 1264 434 1420 468; x_wconf 83' lang='lat' dir='ltr'>exhibitae</span> <span class='ocrx_word' id='word_1_283' title='bbox 1446 434 1492 466; x_wconf 73' lang='lat' dir='ltr'>vel</span> <span class='ocrx_word' id='word_1_284' title='bbox 1517 439 1668 467; x_wconf 88' lang='lat' dir='ltr'>ostensae.</span> 
     </span>
    </p>

    <p class='ocr_par' dir='ltr' id='par_1_11' title="bbox 973 487 1716 640">
     <span class='ocr_line' id='line_1_57' title="bbox 1016 487 1714 532; baseline -0.004 -10"><span class='ocrx_word' id='word_1_285' title='bbox 1016 491 1128 523; x_wconf 88' lang='lat' dir='ltr'>Datum</span> <span class='ocrx_word' id='word_1_286' title='bbox 1137 489 1266 531; x_wconf 81' lang='lat' dir='ltr'>Romae,</span> <span class='ocrx_word' id='word_1_287' title='bbox 1281 488 1362 532; x_wconf 89' lang='lat' dir='ltr'>apud</span> <span class='ocrx_word' id='word_1_288' title='bbox 1373 488 1401 522; x_wconf 80' lang='lat' dir='ltr'>S.</span> <span class='ocrx_word' id='word_1_289' title='bbox 1414 487 1541 520; x_wconf 77' lang='lat' dir='ltr'>Mariam</span> <span class='ocrx_word' id='word_1_290' title='bbox 1554 487 1714 528; x_wconf 86' lang='lat' dir='ltr'>Maiorem,</span> 
     </span>
     <span class='ocr_line' id='line_1_58' title="bbox 973 540 1716 583; baseline -0.004 -7"><span class='ocrx_word' id='word_1_291' title='bbox 973 543 1031 577; x_wconf 89' lang='lat' dir='ltr'>sub</span> <span class='ocrx_word' id='word_1_292' title='bbox 1065 543 1181 576; x_wconf 87' lang='lat' dir='ltr'>annulo</span> <span class='ocrx_word' id='word_1_293' title='bbox 1215 541 1404 583; x_wconf 86' lang='lat' dir='ltr'>Piscatoris,</span> <span class='ocrx_word' id='word_1_294' title='bbox 1430 541 1480 574; x_wconf 87' lang='lat' dir='ltr'>die</span> <span class='ocrx_word' id='word_1_295' title='bbox 1505 551 1535 574; x_wconf 84' lang='lat' dir='ltr'>lv</span> <span class='ocrx_word' id='word_1_296' title='bbox 1566 540 1716 574; x_wconf 83' lang='lat' dir='ltr'>februarii</span> 
     </span>
     <span class='ocr_line' id='line_1_59' title="bbox 973 594 1578 640; baseline -0.007 -9"><span class='ocrx_word' id='word_1_297' title='bbox 973 607 1089 638; x_wconf 78' lang='lat' dir='ltr'>MDCLX,</span> <span class='ocrx_word' id='word_1_298' title='bbox 1106 595 1307 640; x_wconf 82' lang='lat' dir='ltr'>pontificatus</span> <span class='ocrx_word' id='word_1_299' title='bbox 1327 594 1428 628; x_wconf 84' lang='lat' dir='ltr'>nostri</span> <span class='ocrx_word' id='word_1_300' title='bbox 1449 605 1531 628; x_wconf 90' lang='lat' dir='ltr'>anno</span> <span class='ocrx_word' id='word_1_301' title='bbox 1549 605 1578 627; x_wconf 87' lang='lat' dir='ltr'>v.</span> 
     </span>
    </p>
   </div>
   <div class='ocr_carea' id='block_1_8' title="bbox 1010 657 1673 693">
    <p class='ocr_par' dir='ltr' id='par_1_12' title="bbox 1010 657 1673 693">
     <span class='ocr_line' id='line_1_60' title="bbox 1010 657 1673 693; baseline -0.005 -7"><span class='ocrx_word' id='word_1_302' title='bbox 1010 660 1067 688; x_wconf 83' lang='lat' dir='ltr'>Dat.</span> <span class='ocrx_word' id='word_1_303' title='bbox 1090 659 1133 686; x_wconf 87' lang='lat' dir='ltr'>die</span> <span class='ocrx_word' id='word_1_304' title='bbox 1152 659 1168 686; x_wconf 80' lang='lat'>4</span> <span class='ocrx_word' id='word_1_305' title='bbox 1189 658 1319 686; x_wconf 78' lang='lat' dir='ltr'>februarii</span> <span class='ocrx_word' id='word_1_306' title='bbox 1342 658 1418 692; x_wconf 66' lang='lat'>1500,</span> <span class='ocrx_word' id='word_1_307' title='bbox 1440 657 1533 693; x_wconf 85' lang='lat' dir='ltr'>pontif.</span> <span class='ocrx_word' id='word_1_308' title='bbox 1556 665 1626 684; x_wconf 84' lang='lat' dir='ltr'>anno</span> <span class='ocrx_word' id='word_1_309' title='bbox 1647 664 1673 683; x_wconf 78' lang='lat' dir='ltr'>v.</span> 
     </span>
    </p>
   </div>
   <div class='ocr_carea' id='block_1_9' title="bbox 1254 725 1438 729">
    <p class='ocr_par' dir='ltr' id='par_1_13' title="bbox 1254 725 1438 729">
     <span class='ocr_line' id='line_1_61' title="bbox 1254 725 1438 729; baseline 0 0"><span class='ocrx_word' id='word_1_310' title='bbox 1254 725 1438 729; x_wconf 95' lang='lat' dir='ltr'> </span> 
     </span>
    </p>
   </div>
   <div class='ocr_carea' id='block_1_10' title="bbox 1261 800 1434 835">
    <p class='ocr_par' dir='ltr' id='par_1_14' title="bbox 1261 800 1434 835">
     <span class='ocr_line' id='line_1_62' title="bbox 1261 800 1434 835; baseline -0.006 0"><span class='ocrx_word' id='word_1_311' title='bbox 1261 800 1434 835; x_wconf 80' lang='lat' dir='ltr'>CCLXXXI.</span> 
     </span>
    </p>
   </div>
   <div class='ocr_carea' id='block_1_11' title="bbox 978 880 1723 1136">
    <p class='ocr_par' dir='ltr' id='par_1_15' title="bbox 978 880 1723 1136">
     <span class='ocr_line' id='line_1_63' title="bbox 978 880 1722 917; baseline -0.007 0"><span class='ocrx_word' id='word_1_312' title='bbox 978 884 1163 917; x_wconf 72' lang='lat' dir='ltr'>Declaratio</span> <span class='ocrx_word' id='word_1_313' title='bbox 1183 883 1296 916; x_wconf 77' lang='lat' dir='ltr'>Brevis</span> <span class='ocrx_word' id='word_1_314' title='bbox 1316 885 1445 914; x_wconf 73' lang='lat' dir='ltr'>sanctae</span> <span class='ocrx_word' id='word_1_315' title='bbox 1470 880 1644 913; x_wconf 80' lang='lat' dir='ltr'>memoriae</span> <span class='ocrx_word' id='word_1_316' title='bbox 1666 880 1722 913; x_wconf 80' lang='grc' dir='ltr'>Ιη-</span> 
     </span>
     <span class='ocr_line' id='line_1_64' title="bbox 1023 932 1723 978; baseline -0.009 -8"><span class='ocrx_word' id='word_1_317' title='bbox 1023 937 1165 970; x_wconf 75' lang='lat' dir='ltr'>nocentii</span> <span class='ocrx_word' id='word_1_318' title='bbox 1189 936 1220 969; x_wconf 94' lang='lat' dir='ltr'><em>X</em></span> <span class='ocrx_word' id='word_1_319' title='bbox 1244 945 1341 978; x_wconf 76' lang='lat' dir='ltr'>super</span> <span class='ocrx_word' id='word_1_320' title='bbox 1372 934 1465 967; x_wconf 73' lang='lat' dir='ltr'>morlo</span> <span class='ocrx_word' id='word_1_321' title='bbox 1490 932 1670 976; x_wconf 75' lang='lat' dir='ltr'>recipiendi</span> <span class='ocrx_word' id='word_1_322' title='bbox 1693 936 1723 965; x_wconf 81' lang='lat' dir='ltr'>et</span> 
     </span>
     <span class='ocr_line' id='line_1_65' title="bbox 1021 985 1723 1034; baseline -0.009 -11"><span class='ocrx_word' id='word_1_323' title='bbox 1021 985 1197 1034; x_wconf 71' lang='lat' dir='ltr'>profitendi</span> <span class='ocrx_word' id='word_1_324' title='bbox 1221 989 1357 1022; x_wconf 75' lang='lat' dir='ltr'>novitios</span> <span class='ocrx_word' id='word_1_325' title='bbox 1382 988 1419 1020; x_wconf 76' lang='lat' dir='ltr'>in</span> <span class='ocrx_word' id='word_1_326' title='bbox 1443 986 1650 1019; x_wconf 73' lang='lat' dir='ltr'>monasteriis</span> <span class='ocrx_word' id='word_1_327' title='bbox 1674 996 1723 1018; x_wconf 84' lang='lat' dir='ltr'>re-</span> 
     </span>
     <span class='ocr_line' id='line_1_66' title="bbox 1024 1038 1719 1086; baseline -0.01 -10"><span class='ocrx_word' id='word_1_328' title='bbox 1024 1043 1173 1086; x_wconf 81' lang='lat' dir='ltr'>formatis</span> <span class='ocrx_word' id='word_1_329' title='bbox 1200 1041 1465 1085; x_wconf 70' lang='lat' dir='ltr'>Conyreyationis</span> <span class='ocrx_word' id='word_1_330' title='bbox 1491 1039 1539 1072; x_wconf 93' lang='lat' dir='ltr'>del</span> <span class='ocrx_word' id='word_1_331' title='bbox 1576 1038 1719 1078; x_wconf 86' lang='lat' dir='ltr'>Tardon,</span> 
     </span>
     <span class='ocr_line' id='line_1_67' title="bbox 1027 1092 1586 1136; baseline -0.009 -7"><span class='ocrx_word' id='word_1_332' title='bbox 1027 1096 1161 1130; x_wconf 77' lang='lat' dir='ltr'>Ordinis</span> <span class='ocrx_word' id='word_1_333' title='bbox 1185 1095 1290 1128; x_wconf 79' lang='lat' dir='ltr'>sancti</span> <span class='ocrx_word' id='word_1_334' title='bbox 1314 1094 1437 1127; x_wconf 74' lang='lat' dir='ltr'>Basilii</span> <span class='ocrx_word' id='word_1_335' title='bbox 1462 1092 1586 1136; x_wconf 72' lang='lat' dir='ltr'>Maqm‘.</span> 
     </span>
    </p>
   </div>
   <div class='ocr_carea' id='block_1_12' title="bbox 1123 1173 1576 1247">
    <p class='ocr_par' dir='ltr' id='par_1_16' title="bbox 1123 1173 1576 1247">
     <span class='ocr_line' id='line_1_68' title="bbox 1177 1173 1528 1208; baseline -0.009 -5"><span class='ocrx_word' id='word_1_336' title='bbox 1177 1175 1343 1203; x_wconf 83' lang='lat' dir='ltr'>Alexander</span> <span class='ocrx_word' id='word_1_337' title='bbox 1362 1175 1443 1208; x_wconf 86' lang='lat' dir='ltr'>Papa</span> <span class='ocrx_word' id='word_1_338' title='bbox 1462 1173 1528 1205; x_wconf 78' lang='lat' dir='ltr'>vn,</span> 
     </span>
     <span class='ocr_line' id='line_1_69' title="bbox 1123 1217 1576 1247; baseline -0.009 0"><span class='ocrx_word' id='word_1_339' title='bbox 1123 1221 1159 1247; x_wconf 87' lang='lat' dir='ltr'>ad</span> <span class='ocrx_word' id='word_1_340' title='bbox 1178 1221 1311 1247; x_wconf 82' lang='lat' dir='ltr'>futuram</span> <span class='ocrx_word' id='word_1_341' title='bbox 1331 1219 1374 1246; x_wconf 86' lang='lat' dir='ltr'>rei</span> <span class='ocrx_word' id='word_1_342' title='bbox 1395 1217 1576 1245; x_wconf 83' lang='lat' dir='ltr'>memoriam.</span> 
     </span>
    </p>
   </div>
   <div class='ocr_carea' id='block_1_13' title="bbox 984 1289 1741 2623">
    <p class='ocr_par' dir='ltr' id='par_1_17' title="bbox 984 1289 1740 2461">
     <span class='ocr_line' id='line_1_70' title="bbox 1027 1289 1725 1336; baseline -0.007 -11"><span class='ocrx_word' id='word_1_343' title='bbox 1027 1292 1110 1326; x_wconf 77' lang='lat' dir='ltr'>Alias</span> <span class='ocrx_word' id='word_1_344' title='bbox 1134 1302 1193 1336; x_wconf 87' lang='lat' dir='ltr'>pro</span> <span class='ocrx_word' id='word_1_345' title='bbox 1217 1296 1305 1335; x_wconf 86' lang='lat' dir='ltr'>parte</span> <span class='ocrx_word' id='word_1_346' title='bbox 1330 1290 1435 1323; x_wconf 85' lang='lat' dir='ltr'>dilecti</span> <span class='ocrx_word' id='word_1_347' title='bbox 1452 1289 1507 1322; x_wconf 85' lang='lat' dir='ltr'>filii</span> <span class='ocrx_word' id='word_1_348' title='bbox 1532 1289 1691 1321; x_wconf 85' lang='lat' dir='ltr'>Francisci</span> <span class='ocrx_word' id='word_1_349' title='bbox 1708 1298 1725 1321; x_wconf 88' lang='lat' dir='ltr'>a</span> 
     </span>
     <span class='ocr_line' id='line_1_71' title="bbox 984 1342 1726 1390; baseline -0.005 -11"><span class='ocrx_word' id='word_1_350' title='bbox 984 1347 1061 1389; x_wconf 82' lang='lat' dir='ltr'>Iesu,</span> <span class='ocrx_word' id='word_1_351' title='bbox 1076 1351 1284 1390; x_wconf 84' lang='lat' dir='ltr'>procuratore</span> <span class='ocrx_word' id='word_1_352' title='bbox 1308 1344 1446 1387; x_wconf 76' lang='lat' dir='ltr'>generali</span> <span class='ocrx_word' id='word_1_353' title='bbox 1467 1342 1726 1385; x_wconf 80' lang='lat' dir='ltr'>Congregationis</span> 
     </span>
     <span class='ocr_line' id='line_1_72' title="bbox 985 1396 1727 1444; baseline -0.007 -11"><span class='ocrx_word' id='word_1_354' title='bbox 985 1411 1038 1434; x_wconf 90' lang='lat' dir='ltr'>seu</span> <span class='ocrx_word' id='word_1_355' title='bbox 1050 1399 1230 1444; x_wconf 73' lang='lat' dir='ltr'>provinciae</span> <span class='ocrx_word' id='word_1_356' title='bbox 1244 1399 1432 1431; x_wconf 76' lang='lat' dir='ltr'>reformatae</span> <span class='ocrx_word' id='word_1_357' title='bbox 1444 1397 1494 1430; x_wconf 82' lang='lat' dir='ltr'>dcl</span> <span class='ocrx_word' id='word_1_358' title='bbox 1511 1396 1641 1430; x_wconf 76' lang='lat' dir='ltr'>Tardon</span> <span class='ocrx_word' id='word_1_359' title='bbox 1651 1406 1727 1429; x_wconf 89' lang='lat' dir='ltr'>nun-</span> 
     </span>
     <span class='ocr_line' id='line_1_73' title="bbox 986 1451 1730 1498; baseline -0.005 -11"><span class='ocrx_word' id='word_1_360' title='bbox 986 1460 1117 1498; x_wconf 88' lang='lat' dir='ltr'>cupatae</span> <span class='ocrx_word' id='word_1_361' title='bbox 1146 1453 1373 1486; x_wconf 87' lang='lat' dir='ltr'>monachorum</span> <span class='ocrx_word' id='word_1_362' title='bbox 1404 1451 1528 1485; x_wconf 88' lang='lat' dir='ltr'>Ordinis</span> <span class='ocrx_word' id='word_1_363' title='bbox 1553 1451 1649 1484; x_wconf 91' lang='lat' dir='ltr'>sancti</span> <span class='ocrx_word' id='word_1_364' title='bbox 1674 1451 1730 1483; x_wconf 86' lang='lat' dir='ltr'>Ba-</span> 
     </span>
     <span class='ocr_line' id='line_1_74' title="bbox 987 1504 1731 1550; baseline -0.005 -10"><span class='ocrx_word' id='word_1_365' title='bbox 987 1508 1046 1540; x_wconf 88' lang='lat' dir='ltr'>silii</span> <span class='ocrx_word' id='word_1_366' title='bbox 1071 1507 1173 1550; x_wconf 77' lang='lat' dir='ltr'>Magni</span> <span class='ocrx_word' id='word_1_367' title='bbox 1192 1507 1222 1539; x_wconf 95' lang='lat' dir='ltr'>in</span> <span class='ocrx_word' id='word_1_368' title='bbox 1244 1506 1403 1549; x_wconf 75' lang='lat' dir='ltr'>Hispania,</span> <span class='ocrx_word' id='word_1_369' title='bbox 1425 1504 1655 1538; x_wconf 74' lang='lat' dir='ltr'>venerabilibus</span> <span class='ocrx_word' id='word_1_370' title='bbox 1673 1504 1731 1537; x_wconf 89' lang='lat' dir='ltr'>sra-</span> 
     </span>
     <span class='ocr_line' id='line_1_75' title="bbox 988 1558 1730 1601; baseline -0.005 -7"><span class='ocrx_word' id='word_1_371' title='bbox 988 1561 1087 1594; x_wconf 88' lang='lat' dir='ltr'>tribus</span> <span class='ocrx_word' id='word_1_372' title='bbox 1112 1560 1228 1593; x_wconf 87' lang='lat' dir='ltr'>nostris</span> <span class='ocrx_word' id='word_1_373' title='bbox 1246 1560 1274 1593; x_wconf 82' lang='lat' dir='ltr'>S..</span> <span class='ocrx_word' id='word_1_374' title='bbox 1294 1560 1328 1592; x_wconf 80' lang='lat' dir='ltr'>R.</span> <span class='ocrx_word' id='word_1_375' title='bbox 1350 1560 1382 1592; x_wconf 86' lang='lat' dir='ltr'>E.</span> <span class='ocrx_word' id='word_1_376' title='bbox 1404 1558 1614 1592; x_wconf 84' lang='lat' dir='ltr'>cardinalibus</span> <span class='ocrx_word' id='word_1_377' title='bbox 1631 1568 1730 1601; x_wconf 77' lang='lat' dir='ltr'>nego-</span> 
     </span>
     <span class='ocr_line' id='line_1_76' title="bbox 990 1612 1733 1656; baseline -0.004 -9"><span class='ocrx_word' id='word_1_378' title='bbox 990 1615 1037 1648; x_wconf 89' lang='lat' dir='ltr'>tiis</span> <span class='ocrx_word' id='word_1_379' title='bbox 1056 1620 1084 1647; x_wconf 87' lang='lat' dir='ltr'>ct</span> <span class='ocrx_word' id='word_1_380' title='bbox 1103 1613 1385 1647; x_wconf 85' lang='lat' dir='ltr'>consultationibus</span> <span class='ocrx_word' id='word_1_381' title='bbox 1403 1612 1624 1656; x_wconf 86' lang='lat' dir='ltr'>episcoporum</span> <span class='ocrx_word' id='word_1_382' title='bbox 1640 1617 1668 1644; x_wconf 91' lang='lat' dir='ltr'>et</span> <span class='ocrx_word' id='word_1_383' title='bbox 1687 1622 1733 1644; x_wconf 89' lang='lat' dir='ltr'>re-</span> 
     </span>
     <span class='ocr_line' id='line_1_77' title="bbox 990 1665 1732 1712; baseline -0.004 -11"><span class='ocrx_word' id='word_1_384' title='bbox 990 1669 1146 1712; x_wconf 77' lang='lat' dir='ltr'>gularium</span> <span class='ocrx_word' id='word_1_385' title='bbox 1165 1667 1353 1712; x_wconf 84' lang='lat' dir='ltr'>praepositis</span> <span class='ocrx_word' id='word_1_386' title='bbox 1368 1667 1519 1711; x_wconf 80' lang='lat' dir='ltr'>exposito⁷</span> <span class='ocrx_word' id='word_1_387' title='bbox 1533 1665 1617 1709; x_wconf 86' lang='lat' dir='ltr'>quod</span> <span class='ocrx_word' id='word_1_388' title='bbox 1635 1665 1732 1699; x_wconf 85' lang='lat' dir='ltr'>felicis</span> 
     </span>
     <span class='ocr_line' id='line_1_78' title="bbox 991 1720 1732 1764; baseline -0.004 -9"><span class='ocrx_word' id='word_1_389' title='bbox 991 1722 1218 1756; x_wconf 87' lang='lat' dir='ltr'>recordationis</span> <span class='ocrx_word' id='word_1_390' title='bbox 1243 1722 1383 1755; x_wconf 82' lang='lat' dir='ltr'>Clemens</span> <span class='ocrx_word' id='word_1_391' title='bbox 1410 1722 1493 1764; x_wconf 85' lang='lat' dir='ltr'>Papa</span> <span class='ocrx_word' id='word_1_392' title='bbox 1513 1720 1576 1753; x_wconf 85' lang='lat' dir='ltr'>Vlll</span> <span class='ocrx_word' id='word_1_393' title='bbox 1600 1720 1732 1763; x_wconf 88' lang='lat' dir='ltr'>praede-</span> 
     </span>
     <span class='ocr_line' id='line_1_79' title="bbox 990 1774 1734 1819; baseline -0.005 -10"><span class='ocrx_word' id='word_1_394' title='bbox 990 1787 1096 1810; x_wconf 86' lang='lat' dir='ltr'>cessor</span> <span class='ocrx_word' id='word_1_395' title='bbox 1120 1781 1248 1817; x_wconf 85' lang='lat' dir='ltr'>noster,</span> <span class='ocrx_word' id='word_1_396' title='bbox 1274 1786 1329 1819; x_wconf 90' lang='lat' dir='ltr'>per</span> <span class='ocrx_word' id='word_1_397' title='bbox 1358 1774 1508 1818; x_wconf 66' lang='lat' dir='ltr'>quasdam</span> <span class='ocrx_word' id='word_1_398' title='bbox 1543 1784 1614 1806; x_wconf 86' lang='lat' dir='ltr'>suas</span> <span class='ocrx_word' id='word_1_399' title='bbox 1639 1784 1734 1817; x_wconf 89' lang='lat' dir='ltr'>super</span> 
     </span>
     <span class='ocr_line' id='line_1_80' title="bbox 992 1827 1735 1870; baseline -0.004 -7"><span class='ocrx_word' id='word_1_400' title='bbox 992 1829 1214 1863; x_wconf 86' lang='lat' dir='ltr'>reformatione</span> <span class='ocrx_word' id='word_1_401' title='bbox 1234 1829 1462 1862; x_wconf 85' lang='lat' dir='ltr'>monachorum</span> <span class='ocrx_word' id='word_1_402' title='bbox 1484 1827 1583 1860; x_wconf 86' lang='lat' dir='ltr'>dietae</span> <span class='ocrx_word' id='word_1_403' title='bbox 1601 1828 1735 1870; x_wconf 76' lang='lat' dir='ltr'>Congre-</span> 
     </span>
     <span class='ocr_line' id='line_1_81' title="bbox 992 1881 1737 1927; baseline -0.004 -11"><span class='ocrx_word' id='word_1_404' title='bbox 992 1884 1125 1927; x_wconf 71' lang='lat' dir='ltr'>gationis</span> <span class='ocrx_word' id='word_1_405' title='bbox 1143 1883 1192 1915; x_wconf 92' lang='lat' dir='ltr'>die</span> <span class='ocrx_word' id='word_1_406' title='bbox 1214 1893 1293 1915; x_wconf 78' lang='lat' dir='ltr'>xxm</span> <span class='ocrx_word' id='word_1_407' title='bbox 1314 1881 1501 1926; x_wconf 83' lang='lat' dir='ltr'>septembris</span> <span class='ocrx_word' id='word_1_408' title='bbox 1522 1891 1621 1914; x_wconf 77' lang='lat' dir='ltr'>noem</span> <span class='ocrx_word' id='word_1_409' title='bbox 1646 1891 1737 1924; x_wconf 85' lang='lat' dir='ltr'>expe-</span> 
     </span>
     <span class='ocr_line' id='line_1_82' title="bbox 992 1935 1737 1978; baseline -0.005 -7"><span class='ocrx_word' id='word_1_410' title='bbox 992 1939 1070 1971; x_wconf 89' lang='lat' dir='ltr'>ditas</span> <span class='ocrx_word' id='word_1_411' title='bbox 1091 1938 1121 1970; x_wconf 90' lang='lat' dir='ltr'>in</span> <span class='ocrx_word' id='word_1_412' title='bbox 1145 1937 1238 1969; x_wconf 87' lang='lat' dir='ltr'>simili</span> <span class='ocrx_word' id='word_1_413' title='bbox 1265 1937 1365 1969; x_wconf 75' lang='lat' dir='ltr'>forma</span> <span class='ocrx_word' id='word_1_414' title='bbox 1390 1935 1495 1968; x_wconf 75' lang='lat' dir='ltr'>Brevis</span> <span class='ocrx_word' id='word_1_415' title='bbox 1515 1935 1644 1976; x_wconf 86' lang='lat' dir='ltr'>litteras,</span> <span class='ocrx_word' id='word_1_416' title='bbox 1662 1945 1737 1978; x_wconf 89' lang='lat' dir='ltr'>qua-</span> 
     </span>
     <span class='ocr_line' id='line_1_83' title="bbox 994 1989 1736 2032; baseline -0.005 -7"><span class='ocrx_word' id='word_1_417' title='bbox 994 2002 1062 2025; x_wconf 90' lang='lat' dir='ltr'>rum</span> <span class='ocrx_word' id='word_1_418' title='bbox 1086 1991 1209 2023; x_wconf 87' lang='lat' dir='ltr'>initium</span> <span class='ocrx_word' id='word_1_419' title='bbox 1227 1989 1397 2024; x_wconf 69' lang='lat' dir='ltr'>Attz&#39;ssimi</span> <span class='ocrx_word' id='word_1_420' title='bbox 1426 1989 1645 2032; x_wconf 73' lang='lat' dir='ltr'>dispositione,</span> <span class='ocrx_word' id='word_1_421' title='bbox 1667 1992 1736 2029; x_wconf 87' lang='lat' dir='ltr'>etc.,</span> 
     </span>
     <span class='ocr_line' id='line_1_84' title="bbox 993 2042 1737 2089; baseline -0.005 -11"><span class='ocrx_word' id='word_1_422' title='bbox 993 2056 1055 2089; x_wconf 89' lang='lat' dir='ltr'>quo</span> <span class='ocrx_word' id='word_1_423' title='bbox 1075 2044 1135 2077; x_wconf 84' lang='lat' dir='ltr'>vita</span> <span class='ocrx_word' id='word_1_424' title='bbox 1151 2043 1330 2077; x_wconf 88' lang='lat' dir='ltr'>communis</span> <span class='ocrx_word' id='word_1_425' title='bbox 1346 2049 1374 2075; x_wconf 83' lang='lat' dir='ltr'>et</span> <span class='ocrx_word' id='word_1_426' title='bbox 1390 2043 1544 2085; x_wconf 73' lang='lat' dir='ltr'>regularis</span> <span class='ocrx_word' id='word_1_427' title='bbox 1570 2042 1737 2075; x_wconf 87' lang='lat' dir='ltr'>observan-</span> 
     </span>
     <span class='ocr_line' id='line_1_85' title="bbox 995 2096 1738 2140; baseline -0.004 -9"><span class='ocrx_word' id='word_1_428' title='bbox 995 2099 1035 2131; x_wconf 91' lang='lat' dir='ltr'>tia</span> <span class='ocrx_word' id='word_1_429' title='bbox 1062 2098 1176 2131; x_wconf 85' lang='lat' dir='ltr'>rectius</span> <span class='ocrx_word' id='word_1_430' title='bbox 1198 2102 1226 2129; x_wconf 89' lang='lat' dir='ltr'>et</span> <span class='ocrx_word' id='word_1_431' title='bbox 1245 2097 1383 2129; x_wconf 86' lang='lat' dir='ltr'>strictius</span> <span class='ocrx_word' id='word_1_432' title='bbox 1401 2096 1482 2128; x_wconf 85' lang='lat' dir='ltr'>inter</span> <span class='ocrx_word' id='word_1_433' title='bbox 1500 2096 1614 2130; x_wconf 90' lang='lat' dir='ltr'>multos</span> <span class='ocrx_word' id='word_1_434' title='bbox 1632 2100 1738 2140; x_wconf 90' lang='lat' dir='ltr'>posset</span> 
     </span>
     <span class='ocr_line' id='line_1_86' title="bbox 994 2151 1738 2191; baseline -0.004 -7"><span class='ocrx_word' id='word_1_435' title='bbox 994 2151 1174 2191; x_wconf 80' lang='lat' dir='ltr'>observari,</span> <span class='ocrx_word' id='word_1_436' title='bbox 1200 2151 1341 2184; x_wconf 80' lang='lat' dir='ltr'>voluerat</span> <span class='ocrx_word' id='word_1_437' title='bbox 1371 2155 1402 2182; x_wconf 87' lang='lat' dir='ltr'>ut</span> <span class='ocrx_word' id='word_1_438' title='bbox 1427 2159 1535 2182; x_wconf 87' lang='lat' dir='ltr'>omncs</span> <span class='ocrx_word' id='word_1_439' title='bbox 1567 2154 1738 2182; x_wconf 72' lang='lat' dir='ltr'>conventus</span> 
     </span>
     <span class='ocr_line' id='line_1_87' title="bbox 994 2203 1740 2248; baseline -0.003 -10"><span class='ocrx_word' id='word_1_440' title='bbox 994 2205 1253 2248; x_wconf 73' lang='lat' dir='ltr'>Congregationis</span> <span class='ocrx_word' id='word_1_441' title='bbox 1267 2203 1447 2237; x_wconf 86' lang='lat' dir='ltr'>huiusmodi</span> <span class='ocrx_word' id='word_1_442' title='bbox 1462 2214 1663 2236; x_wconf 88' lang='lat' dir='ltr'>numerosam</span> <span class='ocrx_word' id='word_1_443' title='bbox 1677 2213 1740 2236; x_wconf 90' lang='lat' dir='ltr'>mo-</span> 
     </span>
     <span class='ocr_line' id='line_1_88' title="bbox 995 2257 1738 2300; baseline -0.003 -10"><span class='ocrx_word' id='word_1_444' title='bbox 995 2258 1168 2291; x_wconf 82' lang='lat' dir='ltr'>nachorum</span> <span class='ocrx_word' id='word_1_445' title='bbox 1190 2257 1423 2290; x_wconf 86' lang='lat' dir='ltr'>multitudinem</span> <span class='ocrx_word' id='word_1_446' title='bbox 1445 2257 1561 2289; x_wconf 86' lang='lat' dir='ltr'>habere</span> <span class='ocrx_word' id='word_1_447' title='bbox 1586 2266 1738 2300; x_wconf 88' lang='lat' dir='ltr'>procura-</span> 
     </span>
     <span class='ocr_line' id='line_1_89' title="bbox 996 2309 1740 2354; baseline -0.003 -10"><span class='ocrx_word' id='word_1_448' title='bbox 996 2317 1075 2352; x_wconf 83' lang='lat' dir='ltr'>rent,</span> <span class='ocrx_word' id='word_1_449' title='bbox 1094 2321 1151 2343; x_wconf 88' lang='lat' dir='ltr'>nec</span> <span class='ocrx_word' id='word_1_450' title='bbox 1169 2310 1200 2343; x_wconf 89' lang='lat' dir='ltr'>in</span> <span class='ocrx_word' id='word_1_451' title='bbox 1218 2321 1407 2354; x_wconf 87' lang='lat' dir='ltr'>unoquoque</span> <span class='ocrx_word' id='word_1_452' title='bbox 1426 2309 1617 2343; x_wconf 85' lang='lat' dir='ltr'>monasterio</span> <span class='ocrx_word' id='word_1_453' title='bbox 1635 2309 1740 2343; x_wconf 89' lang='lat' dir='ltr'>minor</span> 
     </span>
     <span class='ocr_line' id='line_1_90' title="bbox 997 2363 1740 2407; baseline 0 -11"><span class='ocrx_word' id='word_1_454' title='bbox 997 2364 1244 2407; x_wconf 69' lang='lat' dir='ltr'>vigintiquatuor</span> <span class='ocrx_word' id='word_1_455' title='bbox 1269 2364 1497 2397; x_wconf 90' lang='lat' dir='ltr'>monachorum</span> <span class='ocrx_word' id='word_1_456' title='bbox 1530 2373 1663 2397; x_wconf 88' lang='lat' dir='ltr'>nmnero</span> <span class='ocrx_word' id='word_1_457' title='bbox 1688 2363 1740 2396; x_wconf 80' lang='lat' dir='ltr'>lia-</span> 
     </span>
     <span class='ocr_line' id='line_1_91' title="bbox 996 2417 1212 2461; baseline -0.005 -11"><span class='ocrx_word' id='word_1_458' title='bbox 996 2417 1064 2450; x_wconf 86' lang='lat' dir='ltr'>beri</span> <span class='ocrx_word' id='word_1_459' title='bbox 1090 2421 1212 2461; x_wconf 89' lang='lat' dir='ltr'>possel;</span> 
     </span>
    </p>

    <p class='ocr_par' dir='ltr' id='par_1_18' title="bbox 997 2469 1741 2623">
     <span class='ocr_line' id='line_1_92' title="bbox 1041 2469 1738 2514; baseline 0 -11"><span class='ocrx_word' id='word_1_460' title='bbox 1041 2471 1055 2514; x_wconf 61' lang='lat' dir='ltr'>g</span> <span class='ocrx_word' id='word_1_461' title='bbox 1080 2471 1109 2503; x_wconf 46' lang='lat' dir='ltr'>sl.</span> <span class='ocrx_word' id='word_1_462' title='bbox 1136 2471 1171 2503; x_wconf 83' lang='lat' dir='ltr'>Et</span> <span class='ocrx_word' id='word_1_463' title='bbox 1196 2470 1269 2514; x_wconf 84' lang='lat' dir='ltr'>quia</span> <span class='ocrx_word' id='word_1_464' title='bbox 1299 2475 1440 2513; x_wconf 87' lang='lat' dir='ltr'>tempore</span> <span class='ocrx_word' id='word_1_465' title='bbox 1466 2469 1605 2503; x_wconf 87' lang='lat' dir='ltr'>ciusdem</span> <span class='ocrx_word' id='word_1_466' title='bbox 1630 2470 1659 2503; x_wconf 83' lang='lat' dir='ltr'>S.</span> <span class='ocrx_word' id='word_1_467' title='bbox 1685 2470 1738 2503; x_wconf 88' lang='lat' dir='ltr'>Ba·</span> 
     </span>
     <span class='ocr_line' id='line_1_93' title="bbox 997 2524 1740 2568; baseline 0 -10"><span class='ocrx_word' id='word_1_468' title='bbox 997 2525 1057 2558; x_wconf 91' lang='lat' dir='ltr'>silii</span> <span class='ocrx_word' id='word_1_469' title='bbox 1083 2525 1263 2568; x_wconf 78' lang='lat' dir='ltr'>pancissimi</span> <span class='ocrx_word' id='word_1_470' title='bbox 1290 2525 1412 2557; x_wconf 80' lang='lat' dir='ltr'>fuerant</span> <span class='ocrx_word' id='word_1_471' title='bbox 1443 2524 1644 2565; x_wconf 87' lang='lat' dir='ltr'>sacerdotes,</span> <span class='ocrx_word' id='word_1_472' title='bbox 1677 2524 1740 2558; x_wconf 89' lang='lat' dir='ltr'>imo</span> 
     </span>
     <span class='ocr_line' id='line_1_94' title="bbox 998 2577 1741 2623; baseline -0.003 -10"><span class='ocrx_word' id='word_1_473' title='bbox 998 2579 1061 2613; x_wconf 89' lang='lat' dir='ltr'>sere</span> <span class='ocrx_word' id='word_1_474' title='bbox 1080 2588 1189 2612; x_wconf 86' lang='lat' dir='ltr'>omnes</span> <span class='ocrx_word' id='word_1_475' title='bbox 1203 2577 1272 2611; x_wconf 86' lang='lat' dir='ltr'>laici</span> <span class='ocrx_word' id='word_1_476' title='bbox 1288 2578 1462 2620; x_wconf 81' lang='lat' dir='ltr'>extiterant,</span> <span class='ocrx_word' id='word_1_477' title='bbox 1473 2583 1604 2623; x_wconf 81' lang='lat' dir='ltr'>excepto</span> <span class='ocrx_word' id='word_1_478' title='bbox 1619 2578 1741 2621; x_wconf 88' lang='lat' dir='ltr'>abbate,</span> 
     </span>
    </p>
   </div>
   <div class='ocr_carea' id='block_1_14' title="bbox 1610 162 1908 197">
    <p class='ocr_par' dir='ltr' id='par_1_19' title="bbox 1610 162 1908 197">
     <span class='ocr_line' id='line_1_95' title="bbox 1610 162 1908 197; baseline 0.01 -4"><span class='ocrx_word' id='word_1_479' title='bbox 1610 162 1673 194; x_wconf 73' lang='lat'>535</span> <span class='ocrx_word' id='word_1_480' title='bbox 1719 170 1770 197; x_wconf 80' lang='lat' dir='ltr'>An.</span> <span class='ocrx_word' id='word_1_481' title='bbox 1792 170 1821 197; x_wconf 82' lang='lat' dir='ltr'>c.</span> <span class='ocrx_word' id='word_1_482' title='bbox 1841 170 1908 196; x_wconf 70' lang='lat' dir='ltr'>icoo</span> 
     </span>
    </p>
   </div>
   <div class='ocr_carea' id='block_1_15' title="bbox 1725 234 1909 281">
    <p class='ocr_par' dir='ltr' id='par_1_20' title="bbox 1725 234 1909 281">
     <span class='ocr_line' id='line_1_96' title="bbox 1759 234 1909 258; baseline 0 -5"><span class='ocrx_word' id='word_1_483' title='bbox 1759 234 1909 258; x_wconf 79' lang='lat' dir='ltr'>Transumptu·</span> 
     </span>
     <span class='ocr_line' id='line_1_97' title="bbox 1725 260 1846 281; baseline -0.008 0"><span class='ocrx_word' id='word_1_484' title='bbox 1725 267 1770 281; x_wconf 86' lang='lat' dir='ltr'>rum</span> <span class='ocrx_word' id='word_1_485' title='bbox 1787 260 1846 280; x_wconf 80' lang='lat' dir='ltr'>tides.</span> 
     </span>
    </p>
   </div>
   <div class='ocr_carea' id='block_1_16' title="bbox 1769 1304 1857 1325">
    <p class='ocr_par' dir='ltr' id='par_1_21' title="bbox 1769 1304 1857 1325">
     <span class='ocr_line' id='line_1_98' title="bbox 1769 1304 1857 1325; baseline -0.011 -1"><span class='ocrx_word' id='word_1_486' title='bbox 1769 1304 1857 1325; x_wconf 56' lang='lat' dir='ltr'>stativa.</span> 
     </span>
    </p>
   </div>
  </div>
 </body>
</html>
