2243 3205
301 183 349 209 An.
369 182 396 208 c.
417 182 483 209 1658
528 174 592 206 42⁹2

372 826 398 846 ad
426 826 480 845 lianc

353 861 356 864 ’
414 859 472 898 ''sii-'3'
495 866 620 910 quidem
639 867 889 900 contributionis¹
913 868 1101 901 solutionem
1124 879 1232 902 omnes

297 914 329 953 Isti
355 913 372 952 ἦ
393 913 423 952 Ji.
447 912 479 950 ζῖἶῖ
495 926 524 952 et
548 920 661 963 singuli
686 922 802 954 terreni
828 921 1006 954 huiusmodi
1036 932 1232 965 possessores

344 1624 476 1645 obstantium

294 1653 389 1671 remotio.

497 231 522 263 si
540 231 654 274 quibus
679 232 917 274 quomodolibet
938 233 1102 266 innodatus
1120 234 1232 275 existit,

497 283 534 315 ad
557 283 700 315 effectum
726 285 936 327 praesentium
952 285 1111 320 dumtaxat
1129 297 1233 319 conse-

496 336 665 379 quendum,
682 337 793 369 harum
812 338 892 370 serie
911 339 1105 372 absolventes
1130 345 1159 372 et
1181 340 1233 371 al»-

496 389 631 421 solutum
659 390 723 423 sore
753 396 929 432 censentes,
954 392 1233 436 supplicationibus

495 440 562 473 eius
594 442 721 475 nomine
753 443 845 477 nobis
870 455 964 488 super
987 445 1047 478 hoe
1072 445 1233 477 humiliter

496 495 648 537 porrectis
665 496 811 537 inclinati,
822 497 875 529 tibi
890 508 946 541 per
959 502 1138 541 praesentes
1152 508 1233 530 coin—

496 547 647 581 mittimus
671 554 701 582 et
725 549 920 591 mandamus,
938 557 980 591 ut,
1003 551 1083 583 veris
1104 550 1232 583 existen⁴

496 600 578 634 tibus
601 602 804 644 praemissis,
832 603 916 636 dicto
941 603 1092 636 moderno
1118 613 1232 646 magno

496 654 657 697 magistro,
671 660 712 697 ut,
727 655 764 688 ad
778 655 963 689 decennium
978 656 1146 697 dumtaxat⁷
1163 666 1233 688 con-

496 706 697 741 tributiouem
723 719 858 741 annuam
886 710 978 742 trium
998 714 1158 742 scutorum
1184 720 1233 742 su-

494 771 551 804 per
563 761 701 804 qualibet
717 762 813 794 salma
829 762 943 795 terreni
958 762 1040 805 quod
1056 762 1233 795 conseritur

495 813 527 846 in
551 813 729 857 supradicta
754 815 890 848 Gaudisii
918 815 1040 855 insuta,
1073 815 1110 847 ad
1144 815 1232 848 euius

495 978 556 1005 tam
593 973 662 1005 laici
696 985 789 1017 quam
816 975 1016 1007 ecclesiastici
1042 980 1071 1007 et
1096 975 1232 1008 cuiusvis

495 1026 624 1069 ordinis,
649 1027 900 1070 congregationis
931 1033 961 1060 et
987 1028 1116 1061 instituti
1138 1028 1230 1061 etiam

494 1079 567 1112 dicti
589 1079 754 1123 hospitalis
779 1081 949 1123 regulares,
972 1081 1065 1114 etiam
1084 1081 1151 1124 ipse
1168 1092 1231 1113 ma-

494 1143 574 1176 gnus
599 1133 769 1176 magister,
803 1134 935 1167 durante
966 1134 1047 1168 dieto
1080 1134 1231 1168 decennio

494 1192 667 1230 teneantur,
689 1193 718 1220 et
740 1189 928 1231 opportunis
953 1188 1029 1221 iuris
1047 1194 1076 1221 et
1099 1188 1168 1220 sacti
1187 1199 1232 1221 re-

494 1240 603 1273 mediis
629 1241 698 1284 cogi
736 1241 872 1284 possint,
899 1242 939 1274 ita
965 1246 1065 1275 tamen
1099 1247 1132 1274 ut
1157 1253 1230 1275 con-

493 1293 622 1327 tributio
648 1295 826 1327 huiusmodi
854 1295 883 1327 in
913 1295 1101 1328 munitiones
1130 1295 1231 1328 dietae

494 1347 611 1380 insulae
631 1348 781 1388 Gaudisii,
799 1354 827 1380 et
846 1359 908 1381 non
933 1349 963 1380 in
981 1348 1058 1381 alios
1077 1358 1160 1389 usus,
1179 1349 1227 1381 in-

492 1407 579 1443 tegre
605 1405 804 1435 convertatur
822 1407 851 1434 et
869 1402 1008 1435 converti
1033 1401 1155 1442 debeat,
1174 1403 1229 1434 im-

492 1464 612 1497 ponere
643 1455 741 1487 libere
770 1459 798 1489 et
823 1455 906 1488 licite
931 1455 1024 1499 possit
1052 1461 1081 1487 et
1113 1456 1229 1495 valeat,

492 1507 667 1541 facultatem
699 1508 883 1541 auctoritate
916 1510 1022 1541 nostra
1057 1508 1228 1551 apostolica

492 1560 654 1594 concedas.

536 1614 589 1658 §3
607 1615 675 1649 Non
689 1615 884 1649 obstantibus
902 1615 1093 1659 praemissis,
1107 1625 1227 1648 necnon

491 1668 637 1701 omnibus
654 1674 683 1701 ct
700 1669 841 1711 singulis,
866 1679 945 1712 quae
966 1674 1157 1702 memoratus
1171 1668 1228 1700 Ur-

491 1721 590 1756 banus
615 1722 838 1766 praedecessor
864 1722 894 1754 in
919 1723 983 1755 suis
1007 1722 1118 1755 litteris
1142 1732 1229 1765 prae-

490 1775 580 1808 dictis
605 1775 703 1809 voluit
720 1786 780 1808 non
800 1775 936 1816 obstare,
962 1775 1135 1819 ceterisque
1154 1785 1227 1808 eon-

490 1828 594 1862 trariis
618 1828 879 1872 quibuscumque.

532 1881 644 1914 Datum
667 1883 799 1922 Romae,
824 1882 909 1925 apud
933 1882 961 1914 S.
987 1882 1112 1914 Mariam
1138 1881 1228 1914 Maio-

489 1945 568 1976 rem,
582 1935 640 1967 sub
658 1935 775 1968 annulo
791 1934 966 1975 piscatoris,
988 1934 1036 1966 die
1054 1944 1083 1967 tx
1101 1934 1225 1967 decem-

488 1987 554 2020 bris
575 1998 729 2029 tinemut,
748 1988 947 2032 pontificatus
963 1988 1061 2020 nostri
1087 1998 1168 2020 anno
1185 1998 1225 2021 iv.

524 2050 581 2075 Dat.
599 2050 642 2076 die
659 2051 674 2076 9
690 2050 841 2077 decembris
861 2051 935 2085 1058,
953 2051 1047 2085 pontis.
1068 2059 1138 2077 anuo
1155 2057 1189 2076 tv.

792 2220 924 2255 CCXXV.

487 2311 643 2344 Facultas
667 2322 783 2355 maffqno
804 2311 959 2355 mayistro
975 2315 1003 2344 et
1021 2310 1155 2344 consilio
1174 2311 1226 2344 lio-

530 2365 661 2409 spitalis
696 2365 726 2398 S.
763 2365 896 2398 Ioannis
930 2364 1226 2408 Hierosolymitani

530 2417 721 2451 concedendi
747 2418 984 2451 ordinationem
1016 2428 1112 2461 super
1142 2428 1224 2451 reee-

527 2471 637 2513 ptione
650 2471 918 2515 cappellanorum
932 2471 1193 2504 conventualium
1204 2470 1223 2503 ¹³.

522 2542 532 2567 1
552 2541 618 2568 Male
633 2542 696 2569 edit.
713 2542 792 2570 Maia.
809 2542 874 2577 legit
889 2543 1113 2571 contributiones
1127 2543 1223 2578 (astu).

522 2585 537 2612 ⁵2
554 2585 589 2612 Ex
608 2586 712 2621 [legest.
730 2587 754 2614 iu
770 2588 870 2614 Seeret.
889 2587 964 2614 Brev.

1067 186 1244 210 BULLARIUM
1271 186 1424 211 ROMANUM

1460 235 1623 262 Alexander
1650 236 1727 269 Papa
1746 236 1808 270 vn,

1408 278 1442 305 ad
1465 279 1597 306 futuram
1619 279 1664 306 rei
1684 280 1862 307 memoriam.

1311 340 1325 383 ἐ
1352 340 1378 372 l.
1404 341 1521 384 ENPOnl
1548 340 1637 374 ssOblS
1662 351 1763 385 nuper
1791 342 1929 374 sOCffl'tlssl
1954 342 2001 374 dl·
2043 354 2185 375 Prooemium.
2220 340 2222 382 ἔ

1267 393 1337 424 lecti
1363 393 1417 425 tilii
1445 404 1575 436 magnus
1608 394 1755 436 magister
1781 399 1810 426 et
1834 394 2000 427 consilium

1268 446 1430 490 hospitalis
1454 447 1550 479 saneti
1577 447 1698 480 Ioannis
1719 447 2002 492 llierosolymitani,

1267 499 1361 542 quod,
1382 511 1453 532 eum
1471 500 1501 532 in
1522 500 1653 533 ecclesia
1671 507 1841 534 conventus
1864 499 2001 533 eiusdem

1267 552 1430 596 hospitalis
1455 553 1566 586 fratres
1586 554 1786 598 cappellanos
1805 553 1916 586 litteris
1936 563 2004 586 eru-

1267 605 1348 638 ditos
1374 616 1501 649 semper
1527 607 1657 650 reperiri
1685 607 1789 640 multis
1810 606 2003 649 gravissimis

1267 669 1301 691 ex
1328 659 1430 691 causis
1450 659 1604 703 expediat,
1622 665 1652 692 et
1675 659 1860 704 praesertim
1878 659 1951 703 quia
1967 669 2003 692 ex

1267 712 1326 744 illis
1350 713 1516 756 episcopus
1541 724 1577 746 ac
1600 714 1689 757 prior
1714 713 1813 746 dietae
1843 712 2001 755 eeclesiae,

1266 766 1318 809 qui
1343 766 1445 809 prima
1469 766 1531 800 duo
1557 766 1705 809 suffragia
1734 767 1764 798 in
1792 765 1922 799 consilio
1946 765 2003 798 ho-

1266 819 1384 862 spitalis
1410 819 1588 852 huiusmodi
1614 820 1748 861 liabent,
1776 830 1835 863 pro
1860 824 2003 863 tempore

1266 872 1380 905 assumi
1407 873 1523 913 solent,
1549 873 1604 917 ipsi
1636 883 1768 916 magnus
1802 873 1949 915 magister
1974 877 2004 905 et

1266 923 1430 956 consilium
1456 924 1499 967 <si
1526 929 1629 956 tamen
1660 927 1836 967 opportuna
1862 923 1920 956 sibi
1945 923 2003 956 hac

1266 977 1297 1009 in
1322 988 1354 1009 re
1380 977 1508 1010 facultas
1529 988 1544 1009 a
1562 978 1651 1010 uobis
1677 983 1706 1010 et
1723 977 1780 1010 hac
1797 978 1910 1011 Sancta
1924 976 2003 1010 Sede

1266 1030 1469 1074 concedatur)
1494 1030 1640 1063 ordinare
1663 1030 1868 1070 destinarunt,
1889 1034 1923 1062 ut
1940 1029 2004 1073 qui-

1266 1093 1402 1127 cumque
1427 1083 1604 1116 sacerdotes
1630 1084 1710 1115 intra
1739 1083 1854 1115 limites
1884 1083 2004 1126 lingua-

1266 1148 1335 1170 rum
1362 1137 1435 1170 dicti
1461 1137 1623 1181 hospitalis
1648 1137 1722 1177 nati,
1747 1137 1798 1180 qui
1825 1136 2003 1170 sacerdotes

1267 1191 1403 1233 religiosi
1429 1191 1560 1223 aliarum
1587 1191 1774 1233 religionum
1795 1200 1858 1223 non
1877 1190 2002 1231 suerint,

1266 1249 1295 1276 et
1312 1244 1456 1288 capitulis
1480 1244 1724 1287 provincialibus
1749 1254 1801 1276 seu
1819 1243 2003 1276 assembleis

1264 1297 1459 1340 prioratuum
1486 1296 1623 1329 eiusdem
1650 1296 1813 1340 hospitalis
1834 1306 1890 1339 per
1910 1296 2004 1329 docu-

1265 1355 1368 1382 menta
1393 1349 1570 1382 authentica
1596 1355 1739 1382 constare
1777 1349 1889 1382 sacient
1920 1349 2004 1392 quod

1265 1403 1296 1436 in
1321 1403 1575 1435 universitatibus
1600 1402 1774 1436 studiorum
1804 1402 2003 1446 approbatis,

1265 1457 1289 1489 si
1315 1456 1462 1499 theologi,
1485 1456 1607 1489 duobus
1622 1455 1651 1488 in
1668 1456 1869 1500 philosophia
1886 1460 1916 1488 et
1932 1466 2004 1500 qua

1264 1515 1336 1543 tuor
1362 1510 1391 1542 in
1417 1510 1587 1552 theologia,
1613 1510 1637 1542 si
1660 1520 1732 1543 vero
1757 1510 1934 1543 canonistae
1951 1515 2003 1542 aut

1265 1563 1393 1606 legistae
1418 1563 1542 1604 suerint,
1568 1563 1685 1606 pariter
1709 1568 1844 1606 quatuor
1863 1563 1951 1595 annis
1971 1563 2002 1594 in

1264 1617 1398 1650 decretis
1430 1622 1482 1649 ant
1515 1616 1544 1648 in
1577 1616 1698 1659 legibus
1731 1615 1873 1649 civilibus
1897 1625 2003 1660 respe—

1264 1671 1343 1704 ctive
1368 1670 1553 1711 studuerint,
1579 1670 1834 1703 commissionem
1861 1669 2002 1703 obtinere

1264 1724 1407 1765 debeant,
1424 1729 1458 1756 ut
1475 1734 1584 1756 eorum
1605 1722 1807 1767 probationes
1826 1723 1911 1764 fiant,
1928 1723 2001 1767 ipsi-

1263 1787 1323 1820 que
1349 1777 1379 1809 in
1409 1777 1522 1809 fratres
1555 1776 1752 1820 cappellanos
1782 1777 2003 1809 conventuales

1263 1829 1425 1874 hospitalis
1442 1829 1592 1873 praedicti
1611 1829 1802 1873 recipiantur
1816 1829 2002 1873 (dummodo

1262 1889 1364 1916 tamen
1397 1889 1516 1916 ceteras
1547 1883 1710 1926 qualitates
1741 1893 1758 1915 a
1791 1883 1911 1915 statutis
1947 1893 2002 1916 seu

1263 1937 1478 1970 stabiliiuentis
1503 1942 1532 1969 et
1557 1936 1806 1970 ordinationibus
1827 1936 2002 1980 capitulari—

1261 1990 1319 2023 bus
1343 1989 1506 2034 hospitalis
1526 1989 1706 2022 huiusmodi
1724 1990 1909 2023 auctoritate
1930 2000 2002 2034 apo-

1262 2043 1370 2076 stolica
1407 2043 1600 2076 confirmatis
1627 2043 1791 2087 requisitas
1828 2043 1998 2087 habeant),

1262 2097 1379 2140 absque
1401 2107 1438 2130 eo
1462 2096 1546 2140 quod
1571 2096 1750 2140 passagium
1767 2096 1927 2130 communi
1950 2107 2000 2130 ae-

1262 2150 1346 2183 rario
1361 2149 1499 2183 eiusdem
1515 2150 1677 2194 hospitalis
1691 2150 1812 2183 solvere
1828 2154 2000 2191 teneantur,

1262 2208 1358 2248 prout
1382 2214 1443 2237 non
1469 2204 1653 2237 tenebantur
1679 2208 1749 2236 ante
1780 2203 1923 2237 ultimum
1949 2214 2000 2237 ca-

1262 2257 1395 2301 pitulum
1430 2258 1575 2300 generale
1612 2257 1775 2290 memorati
1812 2257 1999 2301 hospitalis;

1263 2315 1443 2343 remanente
1469 2310 1500 2342 in
1525 2321 1582 2344 suo
1607 2310 1725 2354 vigore,
1750 2310 1853 2354 quoad
1877 2314 1999 2351 cetera,

1262 2363 1458 2397 ordinatione
1483 2374 1536 2396 Lm
1561 2364 1598 2396 de
1621 2364 1800 2407 receptione
1817 2364 1949 2397 fratrum
1968 2363 1999 2396 in

1262 2417 1371 2450 codem
1396 2417 1507 2450 ultimo
1529 2417 1665 2461 capitulo
1682 2417 1772 2450 sacta.
1786 2417 1886 2456 Quare
1905 2417 1998 2450 iidem

1260 2481 1392 2514 magnus
1417 2470 1566 2514 magister
1590 2476 1620 2504 et
1644 2471 1810 2504 consilium
1831 2470 1921 2504 nobis
1939 2470 1996 2503 hu-

1260 2525 1376 2557 militer
1389 2525 1556 2569 supplicari
1574 2525 1723 2565 fecerunt,
1740 2529 1773 2557 ut
1790 2524 1847 2557 sibi
1867 2525 1897 2556 in
1910 2534 1998 2568 prae-

1260 2578 1360 2612 missis
1385 2583 1563 2622 opportune
1596 2577 1760 2622 providere
1792 2583 1820 2610 et
1854 2583 1886 2610 ut
1919 2578 1998 2611 iufra
