2243 3205
881 157 975 181 innnx
1003 158 1106 183 nanum
1653 153 1716 186 809

307 212 504 256 pauperihus
527 209 709 246 christianis
733 211 870 245 Vallium
894 210 1027 245 dominii
1060 212 1151 245 ducis
1185 211 1384 253 Sahaufflae,
1409 212 1451 246 88
1476 215 1510 253 ἰν,
1543 215 1602 258 ipsi
1634 226 1762 260 quoque

306 265 518 299 committitur
542 265 653 298 audire
679 275 828 299 recursus
846 264 1050 298 subditorum
1071 265 1270 309 principatus
1287 267 1457 300 Masserani
1476 274 1506 301 et
1524 269 1762 302 marchionatus

307 318 494 360 Crevacorii,
522 318 585 353 586
609 319 636 352 b.

218 371 403 405 Sacchettus
429 371 598 405 cardinalis
623 370 809 406 Sabinensis
834 371 1016 415 episcopus,
1044 370 1104 403 621
1134 370 1160 403 b.

218 424 469 468 salisburgensis
494 425 753 469 archiepiscopus
778 424 921 468 assignat
937 423 1084 457 redditus
1101 423 1242 467 capitulo
1260 435 1335 457 suae
1354 426 1598 467 ecc1esiae‚17a
1615 428 1631 459 l)
1650 435 1677 460 et
1698 439 1756 471 seq.

217 477 456 521 Samogitiensis
480 478 648 522 episcopus
673 478 814 511 declarat
838 488 871 511 se
896 484 979 511 stare
1003 476 1082 510 velle
1107 488 1123 510 a
1149 477 1293 521 partibus
1314 478 1486 513 Svecorum
1512 481 1758 521 haereticorum,

306 530 371 564 134
395 532 432 572 b;
463 541 649 575 processum
682 537 794 565 eontra
825 532 910 565 hunc
935 530 1072 564 efficitur
1096 542 1113 563 a
1137 531 1256 564 nuncio
1285 532 1436 566 Poloniae
1468 545 1504 566 ex
1537 534 1761 568 commissione

306 583 397 617 Sedis
422 584 640 627 Apostolicae‚
663 585 742 618 ibid.

216 637 396 671 Sardicensi
421 638 664 682 archiepiscopo
690 637 867 672 iurisdictio
891 637 1042 671 asseritur
1065 638 1097 671 in
1122 637 1284 680 regulares
1310 639 1392 672 circa
1418 650 1467 673 res
1491 640 1671 674 animarum
1699 652 1759 674 cu—

304 702 373 723 ram
399 698 638 732 concernentes,
664 691 728 725 635
751 692 768 723 b
792 697 822 725 et
846 702 908 734 seq.

215 743 402 777 Scholarum
427 744 557 777 Piarum
582 744 787 788 congregatio
813 745 945 779 Paulina
970 754 1145 788 pauperum
1172 745 1278 778 Matris
1302 745 1356 778 Dei
1383 745 1498 778 iterum
1526 748 1691 780 reducitur
1720 748 1758 780 ad

305 797 583 840 congregationem
609 798 786 831 secularem
814 797 910 831 trium
934 808 1050 841 nempe
1067 803 1212 831 votorum
1231 798 1438 841 simplicium,
1456 798 1518 832 118
1540 800 1573 840 b;
1599 800 1701 833 eidem
1727 801 1759 834 in

304 855 520 894 protectorem
554 851 735 894 assignatur
767 850 938 884 cardinalis
964 850 1123 890 vicarius,
1151 850 1214 883 1⁹20
1239 851 1275 890 ἰν,
1309 852 1340 884 in
1366 852 1424 892 iis,
1452 863 1534 896 quae
1564 853 1603 886 ad
1633 854 1759 887 scholas

304 903 463 947 pertinent
491 903 662 937 subiicitur
686 903 927 937 Ordinariorum
952 903 1148 944 visitationi,
1174 904 1267 945 thiat,
1298 905 1459 939 decretum
1485 917 1544 951 pro
1567 907 1653 941 bono
1678 908 1759 952 regi-

304 956 381 990 mini
406 956 508 1001 ipsius
533 956 806 1001 Congregationis,
834 955 896 990 567
923 956 939 988 b
963 961 994 990 et
1017 967 1079 1001 seq.

215 1009 393 1054 Seguntino
418 1010 572 1054 episcopo
596 1021 749 1054 responsa
769 1011 886 1044 dantur
911 1010 996 1044 circa
1021 1011 1279 1044 observationem
1307 1011 1547 1045 caeremonialis
1580 1013 1704 1046 romani
1729 1018 1761 1047 et

304 1063 504 1096 rubricarum
528 1063 665 1097 missalis
689 1064 814 1097 romani
839 1074 895 1107 per
920 1064 1041 1097 clerum
1066 1063 1259 1104 faciendam,
1283 1064 1343 1098 3⁶21
1374 1076 1403 1098 α.

214 1116 364 1150 Senensis
389 1117 671 1162 archiepiscopalis
696 1117 811 1151 domus
837 1116 1020 1158 demolitur,
1038 1123 1068 1151 et
1088 1127 1146 1161 pro
1163 1119 1200 1151 ea
1225 1117 1285 1151 alia
1303 1118 1419 1152 domus
1436 1118 1630 1162 assignatur,
1652 1119 1717 1153 416
1742 1121 1759 1152 b

304 1176 335 1204 et
358 1181 420 1214 seq.

215 1223 329 1257 Serrae
353 1223 519 1266 ecclesiae,
546 1224 616 1257 vide
639 1223 892 1268 Angamalensis.

213 1277 340 1312 Siciliae
372 1278 477 1311 clerus
509 1287 650 1311 summas
681 1278 777 1311 solvit
801 1277 867 1322 regi
893 1277 1053 1312 catholico
1078 1277 1116 1311 de
1141 1278 1292 1311 donatii-o
1316 1278 1505 1319 ordinario,
1537 1278 1555 1312 7
1581 1280 1598 1312 b
1623 1286 1654 1312 et
1683 1290 1757 1323 seq.;

303 1330 379 1363 item
404 1330 702 1371 extraordinarium,
727 1330 791 1364 417
818 1331 834 1363 b
860 1337 892 1364 et
915 1342 977 1375 seq.

213 1382 355 1418 Societas
380 1383 464 1423 Iesu,
490 1383 555 1417 302
579 1395 618 1424 α;
643 1383 795 1417 exercitia
819 1383 998 1427 spiritualia
1020 1385 1055 1417 in
1073 1384 1141 1418 eius
1167 1385 1316 1419 domibus
1342 1386 1563 1430 approbantur
1587 1392 1617 1419 et
1643 1397 1679 1420 ea
1706 1397 1759 1430 pe-

304 1435 491 1479 ragentibus
515 1436 733 1480 indulgentiae
757 1437 990 1476 conceduntur,
1016 1437 1109 1478 z'bz'd.;
1136 1438 1194 1482 ipsi
1220 1438 1407 1472 conceditur
1427 1438 1598 1482 collegium
1630 1446 1758 1483 aposto-

303 1488 401 1522 licum
426 1488 588 1522 minorum
614 1489 933 1532 poenitentiariorum
954 1490 1103 1523 basilicae
1128 1491 1158 1524 S.
1177 1492 1258 1525 Petri
1281 1492 1318 1524 de
1338 1492 1435 1532 Urbe,
1456 1492 1523 1525 435
1542 1492 1577 1534 b;
1604 1493 1680 1526 item
1706 1504 1758 1527 sa-

306 1553 380 1576 crae
395 1541 510 1576 domus
530 1543 739 1583 Lauretanae,
759 1541 823 1575 439
848 1543 882 1584 b3
905 1543 976 1575 risle
1002 1543 1177 1587 Collegium
1204 1544 1366 1578 minorum
1390 1545 1724 1588 poenitentiariorum.

214 1596 380 1631 Societatis
405 1595 476 1629 Iesu
500 1596 678 1639 presbj‘teri
709 1606 773 1628 non
805 1595 1022 1639 impediantur
1046 1597 1201 1640 perticere
1225 1597 1377 1631 fabricam
1408 1598 1533 1640 collegii
1560 1598 1754 1640 Genuensis,

304 1648 367 1681 549
392 1648 426 1689 ἰν,
450 1649 581 1682 facultas
605 1649 742 1692 eligendi
767 1649 920 1683 vicarium
945 1656 1136 1693 perpetuum
1162 1661 1234 1683 cum
1260 1651 1367 1684 futura
1383 1651 1585 1685 successione
1603 1652 1635 1685 in
1660 1663 1756 1695 gene-

303 1701 426 1741 ralatu,
451 1699 515 1734 689
540 1712 582 1742 α,
607 1702 811 1736 confirmatio
837 1702 1050 1736 ordinationis
1075 1702 1329 1746 congregationis
1358 1704 1514 1747 generalis
1537 1704 1620 1738 circa
1644 1703 1728 1738 idem
1747 1732 1754 1745 ‚

305 1753 369 1788 708
394 1754 411 1786 b
435 1760 466 1789 et
490 1765 551 1798 seq.

215 1808 406 1843 Solemnitas
429 1808 556 1842 Domini
580 1809 653 1842 Iesu
678 1814 708 1843 et
732 1809 768 1842 B.
796 1809 830 1842 V.
858 1809 974 1843 Mariae
1000 1821 1073 1844 cum
1098 1810 1216 1845 octavis
1241 1811 1432 1845 celebranda
1456 1811 1643 1846 conceditur
1667 1822 1757 1856 pres-

302 1861 422 1906 byteris
446 1861 583 1896 Oratorii
609 1863 680 1897 Iesu
706 1863 738 1896 in
764 1862 878 1903 Gallia,
903 1862 969 1896 264
993 1875 1024 1896 a.

214 1915 387 1949 Somascha
410 1914 475 1958 (de)
501 1915 710 1960 Congregatio
735 1916 766 1949 in
797 1922 858 1949 tres
888 1915 1068 1960 provincias
1099 1915 1207 1951 Italiae
1238 1917 1402 1957 dividitur,
1429 1917 1491 1951 747
1518 1929 1538 1952 α
1563 1924 1594 1952 et
1619 1919 1654 1959 b;
1679 1929 1758 1952 con-

301 1968 435 2002 victores
460 1968 669 2011 collegiorum
698 1975 832 2013 possunt
857 1970 1005 2003 confiteri
1036 1970 1068 2002 in
1100 1969 1248 2003 oratoriis
1280 1970 1346 2003 suis
1370 1976 1433 2003 tam
1459 1971 1654 2015 presbyteris
1680 1972 1756 2005 dicti

303 2021 447 2063 Ordinis,
474 2032 571 2066 quam
592 2022 661 2055 aliis
678 2023 862 2067 approbatis
882 2023 921 2056 ab
942 2023 1124 2063 Ordinario,
1149 2022 1209 2056 451
1232 2024 1257 2056 b.

215 2075 381 2120 Sophiensi
405 2075 647 2120 archiepiscopo
671 2077 742 2109 vide
766 2076 955 2110 Sardicensi.

214 2129 317 2174 Spada
342 2129 584 2173 (Bernardinus)
609 2130 780 2173 episcopus
805 2130 987 2164 Sabinensis
1011 2130 1042 2163 S.
1068 2131 1103 2164 R.
1129 2131 1162 2163 E.
1189 2130 1359 2164 cardinalis
1384 2130 1512 2164 Ordinis
1542 2132 1675 2164 fratrum
1702 2131 1755 2163 Mi-

302 2183 464 2216 nimorum
489 2182 521 2215 S.
549 2182 709 2215 Francisci
736 2183 774 2216 de
799 2183 896 2216 Paula
920 2189 1121 2227 procurator,
1149 2182 1190 2216 95
1214 2183 1243 2215 b.

215 2236 346 2281 Spinula
371 2236 497 2280 (lulius)
521 2236 659 2270 nuncius
685 2236 882 2280 apostolicus
908 2237 1068 2282 Neapolis,
1095 2236 1160 2270 322
1184 2237 1211 2269 b.

213 2289 337 2324 statuta
362 2288 447 2322 edita
471 2288 503 2321 in
528 2289 667 2333 capitulo
692 2290 831 2332 generali
861 2291 1014 2324 Toletano
1044 2301 1101 2334 pro
1135 2289 1296 2333 provincia
1329 2289 1360 2323 S.
1389 2289 1529 2323 'rhomae
1561 2289 1697 2332 apostoli
1723 2290 1754 2323 in

302 2342 390 2376 India
414 2342 566 2376 Orientali
591 2342 716 2376 Ordinis
740 2342 771 2376 S.
800 2344 977 2384 Francisci,
1002 2342 1067 2377 466
1091 2343 1107 2375 b
1132 2347 1163 2376 et
1185 2352 1247 2385 seq.

213 2395 373 2430 Statutum
399 2395 534 2429 civitatis
557 2394 767 2429 Bononiensis
791 2397 960 2430 excludens
986 2396 1118 2429 feminas
1142 2401 1273 2440 propter
1297 2395 1456 2429 masculos
1485 2405 1501 2427 a
1529 2396 1752 2435 successione,

304 2448 368 2482 654
393 2449 422 2481 b.

214 2501 441 2547 Strigoniensis
465 2501 722 2546 archiepiscopus
746 2503 896 2536 facultate
913 2502 972 2537 sibi
991 2514 1006 2535 a
1029 2502 1106 2536 Sede
1125 2501 1302 2547 Apostolica
1321 2502 1402 2535 facta
1419 2501 1550 2535 absolvit
1568 2513 1585 2534 a
1608 2501 1752 2536 censuris

302 2554 519 2588 parthemium
544 2555 678 2588 electum
703 2555 888 2600 episcopum
910 2555 1144 2597 Ruthenorum,
1169 2554 1206 2588 21
1235 2555 1262 2595 b,
1286 2553 1358 2588 vide
1382 2553 1593 2588 Partliemius.

354 2617 432 2646 Bun.
450 2617 532 2645 Rom.
548 2632 582 2636 —
600 2617 660 2645 Vol.
677 2617 752 2646 XVI.
988 2617 1037 2646 102
