2185 3188
16 203 64 229 An.
81 200 109 229 C.
129 200 198 228 1656

50 1807 135 1828 Meum.

811 196 996 221 ALEXANDER
1016 197 1061 221 vn
1081 197 1129 221 Pr.

212 246 434 289 diligentiaque
461 250 697 290 repraesentare
723 255 885 278 conamur.
912 245 970 277 11-ῐ

212 300 284 341 lam,
303 298 371 331 Filii
385 299 433 332 sui
451 299 601 341 sanguine
621 299 952 342 acquisitam,tamque

213 352 374 386 excellenti
400 353 531 396 pignore
552 352 610 385 sibi
629 352 809 395 obligatam,
827 351 953 384 tradidit

211 405 301 439 nobis
315 405 552 438 custodiendam
570 405 757 446 Altissimus,
775 405 888 438 crebro
905 415 953 437 ur-

212 469 289 502 gens
314 459 580 503 contendensque,
606 469 643 491 ne
666 459 740 502 quid
759 469 897 502 unquam
915 458 953 491 de

212 522 337 546 summo
364 513 393 545 in
418 524 485 546 eam
512 523 620 546 amore
646 523 681 545 ac
705 512 872 545 dilectione
896 523 949 545 re-

212 565 418 599 mitteremus.
432 566 520 606 Quod
536 566 655 609 trepide
670 565 867 609 solliciteque
881 576 952 598 cum

211 620 317 654 animo
341 626 448 654 nostro
472 624 663 664 reputantes,
689 619 720 652 in
744 619 804 652 hoc
830 619 954 652 labores

212 684 322 706 omnes
343 673 609 717 cogitationesque
635 672 813 715 defigimus,
838 682 876 704 ne
893 683 953 716 qua

212 726 297 760 labes
334 733 386 759 aut
419 726 540 759 macula
576 726 792 770 pulcherrimo
827 725 954 769 corpori

212 779 424 820 adhaerescat,
450 790 517 812 cam
545 790 618 812 vero
643 778 791 812 decoram
810 777 956 812 exhibea-

214 844 282 866 mus
307 837 463 877 tamquam
496 843 644 877 sponsam
677 837 819 865 ornatam
846 831 951 864 moni-

213 941 271 973 viri
293 940 349 973 sui.
375 939 522 980 Quamvis
543 944 646 972 autem
668 939 824 972 universis
841 949 876 972 ac
899 939 957 972 sin-

214 995 296 1038 gulis
320 994 478 1028 debitores
502 994 600 1026 simus
634 999 663 1025 et
694 994 724 1025 in
756 993 879 1026 Christo
904 989 975 1025 de-‘

215 1049 318 1089 vincti,
344 1049 421 1082 haec
446 1053 548 1082 tamen
574 1049 656 1080 alma
673 1048 791 1089 civitas,
812 1058 904 1091 quam
927 1047 976 1080 in·

214 1107 334 1135 tantum
358 1102 469 1135 extulit
492 1102 597 1134 divina
614 1101 766 1144 dignatio,
792 1098 976 1145 propiores*

215 1156 310 1190 habet
334 1156 452 1189 amoris
467 1161 496 1188 et
512 1154 731 1188 sollicitudinis
753 1164 872 1187 causas.
890 1154 958 1187 Cre·
975 1168 976 1179 1

215 1209 269 1243 diti
295 1209 377 1243 enim
403 1209 508 1252 gregis
534 1219 604 1242 cum
632 1209 733 1241 forma
758 1218 826 1241 esse
852 1207 977 1240 iubea-'

217 1273 298 1304 mur,
312 1273 329 1295 a
342 1263 484 1307 principe
510 1262 652 1306 gentium
670 1262 754 1295 Urbe
770 1261 958 1304 exigendum
976 1262 977 1287 l

216 1317 246 1350 id
271 1327 338 1350 esse
363 1317 561 1361 potissimum
589 1316 732 1356 videtur,
766 1320 799 1348 ut
827 1314 899 1348 fidei
924 1317 977 1347 ac*

218 1371 378 1414 religionis
405 1370 577 1413 magistra,
604 1369 777 1402 castissima
802 1369 895 1401 etiam
922 1363 978 1400 sitl

217 1434 342 1457 morum
368 1429 472 1456 custos
487 1429 515 1455 et
528 1423 720 1466 disciplinae.
748 1422 803 1454 llic
822 1427 867 1454 est
884 1421 960 1453 sides

218 1477 311 1517 Petri,
336 1477 413 1509 tides
438 1487 518 1520 quae
543 1476 751 1508 annunciatur
766 1476 796 1507 in
813 1475 960 1507 universo

219 1531 346 1572 mundo,
372 1542 451 1575 quae
477 1531 635 1574 apostolos
658 1530 819 1563 coronavit
834 1535 863 1562 et
882 1540 979 1561 mar-i

219 1590 311 1629 tyres.
347 1586 429 1618 Haec
462 1591 509 1618 est
541 1585 648 1618 civitas
681 1584 842 1617 aedificata
867 1593 979 1627 super¹

217 1639 455 1672 fundamentum
486 1639 721 1683 apostolorum,
755 1648 849 1682 quam
875 1638 961 1670 susus

219 1703 276 1736 pro
296 1692 419 1727 Christo
437 1692 564 1735 sanguis
581 1691 727 1732 inundat,
742 1691 961 1735 illustrantque

219 1752 400 1780 sanctorum
425 1746 562 1790 pretiosa
588 1745 739 1789 deposita.

264 1801 278 1844 ἓ
303 1800 331 1832 l.
357 1800 435 1833 Ilinc
461 1799 612 1843 quidquid
632 1799 731 1832 oculis
753 1798 876 1832 Domini
903 1798 962 1831 dis-

219 1854 337 1898 plicere
360 1854 458 1897 possit
474 1853 635 1897 extirpare
653 1852 825 1896 cupientes,
844 1852 961 1885 nullam

219 1908 250 1939 in
274 1908 391 1951 populo
417 1913 470 1940 aut
494 1907 584 1951 plebe
610 1906 858 1951 turpitudinem,
884 1906 960 1939 nihil

220 1961 416 2004 inquinatum
442 1971 615 2004 apparere,
647 1961 721 1993 cleri
748 1971 822 1993 vero
856 1971 962 1993 mores

219 2025 272 2048 eos
298 2014 459 2055 vellemus,
484 2015 592 2058 quales
617 2025 684 2047 esse
702 2015 740 2047 de
758 2015 847 2047 altari
863 2015 962 2047 viven-

221 2068 297 2101 tium
323 2068 432 2108 decet‚
458 2079 593 2111 <piorum
619 2079 692 2112 pars
721 2074 767 2101 est
799 2068 961 2109 Christus,

220 2128 314 2166 atque
347 2122 377 2154 in
410 2122 502 2155 caelis
527 2123 732 2156 conversatio.
769 2122 846 2156 Cum
879 2123 961 2155 enini

221 2175 301 2208 Deus
327 2175 458 2219 impium
483 2186 609 2219 regem,
640 2176 724 2220 quod
751 2186 822 2208 vasa
856 2175 961 2219 templi

223 2230 398 2263 ministerio
433 2231 554 2264 addicta
593 2232 621 2264 111
667 2232 833 2276 profanum
872 2241 962 2263 usum

223 2284 382 2325 vertisset,
412 2285 498 2327 gravi
525 2285 690 2329 subitaque
716 2285 852 2318 vindicta
885 2296 960 2328 per-

225 2337 328 2377 cussit,
350 2338 422 2370 satis
443 2338 578 2372 ostendit
605 2350 698 2382 quam
722 2340 832 2383 procul
854 2339 892 2371 ab
910 2339 964 2371 im-

225 2390 340 2423 munda
371 2391 455 2423 ouini
493 2391 718 2425 consuetudine
752 2392 864 2425 remoti
896 2402 964 2425 esse

225 2444 359 2477 debeant
383 2444 402 2476 ii
421 2444 473 2488 qui
498 2444 555 2477 sibi
577 2444 758 2486 inserviunt,
780 2456 851 2479 cum
869 2446 962 2478 etiam

227 2496 390 2531 inanimae⁴
406 2502 435 2531 et
448 2497 515 2531 sine
529 2507 621 2531 sensu
638 2498 683 2531 rei
702 2503 817 2531 tantam
832 2499 966 2532 voluerit

265 2613 275 2638 1
299 2611 340 2639 Sic
359 2612 423 2648 tegit
444 2612 507 2641 edit.
530 2612 609 2641 lllain.
632 2616 668 2648 (a.
686 2620 735 2648 r.).

987 245 1130 278 adhiberi
1156 245 1373 279 reverentiam.
1395 246 1608 289 Optarmisque
1625 249 1659 277 ut
1684 245 1728 277 illi

988 299 1018 331 in
1042 299 1220 343 praecipuis
1244 299 1399 339 basilicis,
1425 310 1503 343 quas
1527 299 1590 332 Deo
1616 298 1729 332 obtulit

989 352 1039 396 pia
1064 352 1293 396 imperatorum
1319 363 1354 385 ac
1378 352 1556 396 principum
1581 352 1728 395 largitas,

987 405 1155 448 diligenter
1181 405 1295 438 obeant
1319 417 1398 449 opus
1424 416 1526 446 suum,
1547 411 1642 449 utque
1659 410 1729 449 apta

988 458 1198 492 sitetdecora
1224 459 1417 503 psalmorum
1445 459 1628 499 modulatio,
1648 459 1729 502 psal-

988 513 1114 556 lantque
1150 513 1226 556 Regi
1260 523 1370 555 regum
1409 513 1573 556 sapienter.
1610 513 1731 552 Quibus

990 566 1190 610 perficiendis
1211 571 1398 610 opportune,
1416 572 1449 598 ut
1467 570 1582 606 cetera,
1608 566 1637 598 id
1658 576 1733 609 quo-

988 630 1049 663 que
1073 620 1137 653 suis
1158 619 1292 652 decretis
1309 620 1439 653 sancivit
1457 624 1656 652 sacrosancta
1669 619 1732 651 Tri-

989 673 1115 706 dentina
1139 673 1291 718 Synodus,
1307 677 1339 707 ut
1352 673 1494 717 episcopi
1516 673 1648 706 subinde
1662 683 1733 715 gre-

990 739 1060 771 gem
1082 738 1173 760 suum
1190 738 1326 771 ovesque
1356 728 1586 771 perlustrarent
1603 731 1632 761 et
1650 737 1734 760 reco-

990 787 1189 825 gnoscerent.
1200 782 1295 815 Cuius
1307 781 1541 814 sanctissimum
1557 781 1732 814 institutum

972 841 1020 868 tet
1044 846 1100 869 nos
1127 841 1314 879 sequentes,
1340 840 1372 867 ut
1398 840 1523 879 patrum
1550 835 1674 878 regulas
1699 845 1734 868 ac

213 886 295 919 libus
329 892 470 930 paratam
508 886 537 918 in
570 896 738 919 occursum
771 885 889 918 domini
921 896 974 918 ac*

992 889 1142 922 terminos
1169 888 1398 929 custodiamus,
1424 887 1587 920 visitemus
1620 888 1733 921 fratres

992 948 1116 976 nostros
1140 942 1222 976 filios
1247 942 1352 982 lsrael,
1377 952 1416 974 ne
1442 942 1543 974 veniat
1560 952 1654 985 super
1678 951 1735 975 nos

991 996 1076 1040 quod
1112 996 1187 1028 olim
1221 995 1431 1029 comminatus
1463 1001 1509 1028 est
1538 995 1620 1028 Deus
1646 995 1735 1027 malis

994 1049 1183 1093 pastoribus
1198 1049 1261 1092 qui,
1276 1054 1440 1093 pascentes
1455 1049 1651 1092 semetipsos,
1665 1058 1736 1091 gre-

993 1113 1064 1145 gem
1091 1102 1214 1135 Domini
1247 1112 1310 1135 non
1341 1107 1493 1146 pascunt,
1521 1112 1623 1145 neque
1652 1101 1736 1145 quod

995 1156 1154 1189 infirmum
1180 1160 1227 1190 est
1247 1156 1452 1198 consolidant,
1471 1155 1555 1199 quod
1570 1160 1736 1199 aegrotum

994 1220 1055 1244 non
1077 1216 1208 1250 sanant,
1239 1210 1323 1254 quod
1353 1210 1549 1243 confractum
1575 1220 1637 1243 non
1663 1209 1736 1242 alli-

995 1269 1078 1307 gant,
1091 1264 1176 1308 quod
1190 1263 1348 1296 abiectum
1361 1274 1423 1297 non
1439 1264 1603 1305 reducunt,
1614 1269 1642 1295 et
1653 1263 1738 1307 quod

996 1317 1106 1361 periit¹
1132 1328 1194 1350 non
1219 1317 1403 1361 requirunt,

1039 1371 1053 1414 ξ
1078 1371 1107 1404 9..
1133 1371 1304 1405 Statuimus
1324 1371 1388 1404 Deo
1409 1370 1563 1404 annuere‘z
1582 1371 1668 1404 urbis
1682 1371 1738 1404 Ro-

996 1435 1105 1457 manae
1140 1435 1249 1458 omnes
1285 1430 1348 1457 tam
1386 1425 1614 1469 patriarchales
1643 1435 1737 1468 quam

995 1478 1175 1521 collegiatus
1189 1484 1219 1511 et
1232 1478 1429 1522 parochiales
1442 1478 1600 1519 ecclesias,
1618 1488 1739 1511 earum-

995 1543 1055 1575 que
1080 1532 1215 1576 capitula
1228 1537 1258 1564 et
1271 1542 1433 1575 personas,
1448 1532 1522 1565 item
1537 1532 1737 1570 monasteria,

996 1591 1166 1618 conventus
1192 1590 1221 1617 et
1245 1586 1393 1618 ecclesias
1407 1586 1593 1629 quorumvis
1607 1585 1739 1619 0111111153

997 1644 1056 1671 tam
1083 1638 1223 1672 virorum
1242 1650 1336 1683 quam
1359 1639 1538 1681 mulierum,
1562 1638 1738 1682 hospitalia,

997 1693 1138 1736 collegia,
1165 1693 1438 1726 confraternitates
1463 1693 1627 1733 laicorum,
1654 1703 1740 1726 mon-

977 1758 980 1782 :
997 1753 1057 1780 tem
1080 1747 1204 1791 pietatis
1218 1752 1248 1780 et
1261 1747 1377 1788 omnia,
1395 1757 1598 1791 quocumque
1615 1757 1741 1780 censen-

997 1806 1047 1833 tur
1071 1801 1211 1841 nomine,
1236 1801 1305 1834 loca
1329 1802 1380 1845 pia
1404 1801 1539 1834 visitare.

1041 1855 1056 1898 ἓ
1080 1854 1109 1888 3.
1137 1855 1169 1887 ln
1196 1855 1285 1887 cuius
1310 1856 1416 1899 operis
1441 1855 1637 1888 consortium
1663 1865 1741 1888 11011-

997 1909 1100 1942 11111105
1125 1909 1346 1942 advocavimus
1371 1920 1406 1942 ex
1434 1909 1665 1942 venerabilibus
1685 1909 1743 1942 fra—

999 1961 1099 1996 tribus
1123 1962 1240 1995 nostris
1272 1964 1301 1996 S.
1335 1963 1368 1995 tt.
1403 1963 1434 1995 E.
1469 1962 1682 1995 cardinalibus
1713 1968 1743 1995 et

998 2017 1164 2060 episcopos
1197 2017 1316 2060 aliquot
1348 2016 1573 2059 administros,
1606 2027 1743 2060 quorum

998 2070 1130 2103 consilio
1160 2076 1253 2114 atque
1285 2073 1382 2114 opera
1412 2071 1442 2103 in
1469 2082 1502 2103 re
1529 2076 1591 2103 tam
1625 2071 1742 2104 salubri

998 2128 1091 2167 atque
1117 2123 1216 2156 ardua
1240 2129 1413 2157 uteremur.

1044 2177 1058 2220 ἓ
1084 2177 1113 2209 4.
1142 2177 1186 2209 Ad
1212 2177 1436 2221 omnipotentis
1462 2178 1564 2222 itaque
1592 2178 1645 2211 Dei
1670 2178 1743 2211 lau-

998 2230 1067 2263 dem
1095 2236 1124 2263 et
1148 2232 1300 2274 gloriam,
1326 2231 1355 2264 S.
1382 2232 1415 2264 R,
1442 2232 1474 2264 E.
1501 2231 1743 2273 exaltationem,

999 2285 1085 2318 vohis
1119 2285 1326 2318 visitationem
1362 2286 1391 2318 in
1430 2285 1743 2329 vigesimamtortiam

999 2338 1115 2370 niensis
1140 2338 1233 2371 huius
1250 2338 1441 2372 dominicam
1461 2339 1544 2371 diem
1566 2339 1744 2379 indicimus,

998 2402 1091 2436 quam
1110 2402 1126 2424 a
1145 2394 1346 2425 sacrosancta
1370 2392 1521 2436 primaria
1542 2392 1744 2426 Lateranensi

1036 2483 1046 2507 1
1066 2481 1213 2516 Perperam
1234 2480 1299 2508 edit.
1316 2481 1395 2508 lllain.
1413 2481 1478 2516 legit
1492 2482 1577 2516 petiit
1594 2489 1642 2517 pro
1656 2482 1745 2517 periit

1012 2534 1040 2552 a.
1058 2532 1084 2552 T.
1103 2546 1108 2552 .

1001 2526 1007 2561 (
1035 2571 1052 2597 9.
1062 2525 1164 2597 Fdrsan
1175 2573 1322 2598 annuente
1334 2571 1440 2606 legend.
1453 2579 1500 2606 pro
1512 2580 1643 2600 annuere
1653 2573 1744 2607 (am).

1038 2615 1052 2642 3
1067 2614 1161 2650 Aptius
1175 2615 1234 2651 lege
1249 2616 1398 2650 ordinum,
1418 2616 1457 2644 vel
1472 2616 1599 2645 cuiusvis
1614 2618 1652 2651 (R.
1670 2617 1717 2651 T.).

1629 187 1692 220 107
1741 196 1789 222 An.
1807 196 1834 223 c,
1857 196 1927 225 1656

1798 2185 1945 2212 Quadraginta

1759 2212 1858 2233 horai-uni
1890 2213 1946 2233 cele-

1760 2239 1879 2260 brationem
1893 2240 1946 2259 indi-

1759 2268 1796 2286 cit.
