2243 3205
50 236 98 261 An.
114 235 142 260 C.
163 233 229 260 1658

88 1254 113 1274 lis
128 1253 184 1274 addit
201 1254 232 1274 iit·-

53 1283 150 1301 mitatem.

843 233 1027 258 ALEXANDER
1051 232 1096 256 vlt
1120 233 1168 257 PP.

244 291 313 313 rum
327 281 539 324 receptionem
555 282 637 314 salva
651 283 770 325 pariter
781 281 983 326 dispositione

244 334 500 367 constitutionum
528 335 771 379 apostolicarum
802 341 831 368 et
863 335 984 368 institu-

244 387 363 420 tionum
383 388 578 431 generalium
597 393 626 423 et
642 393 862 433 praeterquam
881 388 983 432 quoad

243 441 470 484 agriculturam
496 442 634 486 propriis
651 453 762 476 eorum
783 442 926 475 manibus
944 442 985 474 fa-

244 494 592 540 ciendam),ap0stolica
610 496 795 529 auctoritate
812 495 984 540 praedicta,

245 552 353 581 tenore
367 550 592 592 praesentium,
606 555 758 593 perpetuo
772 549 984 594 approbamus

245 606 275 634 et
300 602 536 643 confirmamus,
562 608 712 647 grataque
737 608 766 635 et
790 608 857 636 rata
882 603 981 636 habe-

246 665 325 695 mus,
346 666 381 689 ac
402 655 505 689 denuo
531 656 755 698 concedimus,
777 666 898 689 necnon
925 656 985 689 illis

245 714 416 752 perpetuae
449 714 478 741 et
507 709 695 742 inviolabilis
720 710 908 753 apostolicae
933 710 986 742 sir-

245 762 362 794 mitatis
379 762 478 795 robur
495 761 670 802 adiicimus,
690 773 861 806 omnesque
881 767 911 795 et
928 763 987 796 sin-

245 814 336 857 gulos
361 819 423 847 tam
456 815 533 848 iuris
566 826 659 859 quam
692 816 763 848 sacti
789 821 818 848 et
843 816 987 848 solemni-

246 872 343 902 tatum
375 879 648 913 quarumcumque
677 869 715 902 de
749 869 816 902 iure
849 880 906 902 usu
938 869 985 901 rel

246 921 473 955 consuetudine
498 927 551 955 aut
574 922 650 954 alias
675 922 915 965 quomodolibet
943 932 987 954 re-

245 975 432 1018 quisitarum
450 975 497 1008 vel
516 976 776 1015 necessariarum,
807 981 837 1008 et
861 975 987 1019 quosvis

246 1029 323 1062 alios
336 1030 535 1073 quantumvis
553 1030 772 1063 substantiales
793 1030 940 1068 detectus,
962 1029 986 1061 si

246 1082 299 1126 qui
317 1083 552 1126 quomodolibet.
570 1082 795 1116 intervenerint
819 1086 871 1116 aut
896 1082 988 1114 inter-

248 1135 369 1168 venisse
388 1136 448 1169 dici
470 1136 519 1169 vel
537 1136 657 1169 censeri
682 1136 781 1180 possit
804 1136 835 1168 in
860 1135 987 1175 eisdem,

248 1188 331 1222 dicta
356 1190 540 1223 auctoritate
558 1190 730 1234 apostolica
752 1189 942 1233 supplemus.

293 1243 307 1285 ξ
332 1241 383 1276 39.
409 1243 618 1276 Decernentes
645 1243 779 1285 litteras,
804 1243 988 1287 privilegia,

249 1296 378 1337 indulta,
392 1297 563 1337 facultates,
581 1298 750 1337 libertates,
764 1297 988 1337 immunitates,

249 1351 474 1395 exemptiones,
499 1351 747 1395 praerogativas,
772 1351 989 1394 praeeminen-

249 1403 317 1444 tias,
335 1405 565 1444 concessiones,
587 1404 814 1447 indulgentias,
838 1404 989 1443 licentias,

250 1457 372 1491 favores
386 1463 415 1490 et
430 1458 505 1491 alias
519 1458 635 1501 gratias
648 1458 823 1502 praedictas
838 1462 991 1502 perpetuo

251 1511 369 1544 validas
393 1516 424 1544 et
448 1511 599 1552 efficaces,
620 1522 656 1544 ac
680 1511 780 1544 valida
805 1516 835 1544 et
855 1511 991 1544 efficacia

251 1574 319 1598 esse
337 1570 366 1598 et
383 1565 459 1605 fore,
472 1575 608 1608 suosque
621 1565 779 1609 plenarios
800 1575 834 1597 ac
851 1565 992 1607 integros

252 1617 380 1651 effectus
397 1618 502 1652 sortiri
523 1622 552 1652 et
572 1618 734 1658 obtinere,
752 1628 873 1651 necnon
893 1617 991 1661 priori

251 1671 390 1714 generali
405 1677 435 1704 et
448 1671 598 1704 fratribus
613 1671 709 1704 sancti
728 1671 813 1704 Pauli
835 1675 865 1704 et
883 1681 991 1703 eorum

252 1724 370 1767 Ordini,
390 1724 536 1768 illiusque
562 1724 712 1763 ecclesiis,
737 1724 896 1768 cappellis,
923 1734 993 1757 ora-

252 1777 351 1818 toriis⁷
370 1778 516 1811 domibus
534 1784 563 1810 et
583 1778 651 1810 aliis
676 1777 763 1817 locis,
781 1777 939 1821 rebusque
964 1781 992 1811 et

252 1830 343 1864 bonis
357 1831 525 1876 praedictis
542 1831 718 1875 suffragari,
733 1831 864 1875 illasque
882 1836 911 1864 et
931 1831 993 1872 illa,

253 1890 316 1918 tam
345 1896 401 1929 per
431 1885 570 1929 priorem
597 1885 794 1928 generalem,
818 1884 995 1929 provincia-

254 1938 309 1979 les,
327 1949 500 1983 eorumque
522 1940 663 1981 vicarios
693 1939 885 1979 definitores,
907 1939 996 1972 alios-

255 2002 316 2035 que
342 1992 524 2036 superiores
542 1998 572 2025 et
596 1992 744 2026 officiales
767 2002 850 2025 nune
877 1998 904 2025 et
937 2002 996 2036 pro

256 2048 398 2088 tempore
433 2045 600 2078 existentes
636 2045 708 2078 dicti
739 2045 863 2078 Ordinis
899 2045 994 2079 sancti

256 2098 353 2139 Pauli,
374 2109 466 2142 quarn
492 2109 709 2142 quoscumque
733 2099 829 2139 alios,
855 2099 892 2131 ad
918 2109 997 2142 quos

255 2161 338 2185 nunc
352 2152 588 2196 quomodolibet
604 2157 724 2196 spectat
741 2158 771 2184 et
787 2155 927 2196 spectare
945 2162 999 2196 po-

256 2206 329 2238 terit
353 2206 385 2238 in
410 2206 561 2248 futurum,
576 2211 730 2250 perpetuo
747 2205 882 2238 firmiter
903 2211 932 2237 et
957 2206 998 2237 in-

256 2258 444 2292 violabiliter
483 2259 643 2292 observari
677 2264 707 2291 et
737 2259 903 2302 adimpleri
938 2258 994 2291 de-

256 2312 342 2352 bere,
355 2312 393 2344 ab
407 2312 530 2356 illisque
546 2312 659 2345 resiliri
675 2317 704 2345 et
719 2311 822 2344 recedi
837 2321 996 2354 nunquam

258 2376 366 2409 posse·‚
384 2365 491 2409 sicque
510 2376 566 2409 per
580 2375 797 2409 quoscumque
818 2364 936 2397 iudices
952 2375 999 2397 or-

258 2418 397 2451 dinarios
429 2424 458 2451 et.
482 2418 652 2461 delegatos,
681 2418 789 2462 quavis
814 2417 999 2449 auctoritate

259 2472 433 2515 fungentes,
459 2472 550 2504 etiam
570 2482 735 2504 causarum
754 2471 859 2515 palatii
878 2476 1000 2514 aposto-

259 2525 310 2558 lici
332 2525 500 2564 auditores,
521 2535 556 2558 ac
581 2524 681 2557 dictae
698 2525 726 2558 S.
749 2525 782 2556 lt.
805 2524 837 2556 E.
864 2523 1001 2557 cardina-

260 2579 315 2617 les,
332 2579 424 2611 etiam
443 2579 481 2610 de
502 2579 598 2611 latere
616 2578 735 2619 legatos
754 2583 782 2610 et
803 2577 1000 2620 vicelegatos,

261 2633 423 2675 dictaeque
449 2632 535 2665 sodis
560 2632 702 2668 nuncios.
721 2631 850 2664 iudicari
871 2637 901 2663 et
925 2631 1000 2664 desi-

1018 282 1078 314 niri
1096 281 1223 321 debere,
1240 292 1273 314 ae
1300 281 1422 314 irritum
1450 285 1477 315 et
1503 281 1603 320 inane,
1622 281 1646 312 si
1671 290 1760 313 secus

1019 345 1113 378 super
1130 334 1178 367 1115
1196 344 1212 366 3
1229 345 1406 378 quoquam.
1432 335 1540 378 quavis
1565 333 1759 372 auctoritate,

1019 388 1153 421 scienter
1190 388 1235 420 vel
1274 388 1477 431 ignoranter.
1510 387 1674 430 eontigerit
1709 392 1757 419 at-

1019 443 1142 475 tentari.

1064 497 1078 540 §
1102 496 1153 529 40.
1181 497 1247 529 Non
1272 495 1467 528 obstantibus
1496 495 1695 538 praemissis,
1724 504 1759 526 ae
1775 504 1959 525 ommutui-liin.

1020 549 1128 592 regula
1146 550 1253 582 nostra
1272 548 1309 581 dc
1330 548 1439 591 gratiis
1457 554 1486 580 et
1504 547 1705 590 indulgentiis
1721 546 1759 579 ad

1020 603 1117 636 instar
1132 613 1194 636 non
1213 601 1430 643 concedendis,
1445 602 1575 645 aliisque
1598 600 1759 644 quibusvis

1020 656 1295 689 constitutionibus
1316 660 1342 687 et
1365 654 1615 687 ordinationibus
1640 660 1761 698 aposto-

1021 710 1098 750 licis,
1115 709 1251 753 dictique
1277 708 1401 741 Ordinis
1424 708 1520 741 sancti
1548 708 1641 749 Pauli,
1667 708 1760 739 etiam

1022 764 1218 803 iuramento,
1240 762 1478 795 confirmatione
1503 761 1683 805 apostolica⁷
1713 761 1762 793 vel

1021 817 1130 861 quavis
1147 817 1294 850 t‘irmitate.
1319 816 1379 849 alia
1402 815 1568 856 roboratis,
1588 815 1708 847 statutis
1734 819 1764 846 et

1022 870 1317 911 consuetudinibus,
1344 869 1517 913 privilegiis
1543 878 1690 912 quoque,
1715 867 1763 899 iu-

1022 925 1115 958 dultis
1145 929 1171 957 et
1203 923 1314 956 litteris
1340 923 1521 967 apostolicis
1543 922 1596 961 illi,
1619 922 1763 964 illiusque

1022 978 1242 1022 superioribus
1262 983 1288 1009 et
1310 976 1461 1021 personis,
1484 975 1539 1008 sub
1564 976 1765 1019 quibuscum-

1022 1039 1082 1073 que
1109 1029 1270 1062 tenoribus
1296 1033 1325 1060 et
1350 1028 1470 1067 formis,
1487 1038 1522 1060 ac
1547 1038 1617 1059 eum
1639 1027 1765 1070 quibus-

1023 1083 1068 1115 vis
1083 1082 1230 1115 clausulis
1249 1087 1274 1114 et
1292 1081 1425 1114 decretis
1444 1081 1474 1112 in
1492 1080 1684 1113 eontrarium
1708 1080 1765 1112 1111--

1023 1146 1077 1168 san
1101 1135 1339 1179 quomodolibet
1364 1134 1541 1169 concessis.
1571 1133 1765 1166 confirmatis

1023 1194 1049 1221 et
1088 1189 1265 1225 innovatis,
1299 1188 1413 1231 quibus
1445 1187 1613 1225 omnibus,
1644 1186 1765 1218 etiamsi

1024 1253 1082 1285 pro
1101 1242 1227 1274 illorum
1246 1241 1411 1275 sufficienti
1429 1241 1632 1283 derogatione
1651 1240 1688 1272 de
1707 1240 1766 1271 illis

1026 1296 1216 1339 illorumque
1242 1295 1313 1328 totis
1340 1295 1500 1328 tenoribus
1521 1294 1674 1338 specialis.
1701 1303 1768 1336 spe-

1026 1349 1124 1389 cifica,
1147 1359 1294 1393 expressa
1315 1353 1345 1380 et
1363 1347 1530 1388 individua,
1549 1358 1584 1379 ac
1609 1347 1646 1378 (le
1672 1346 1768 1378 verbo

1026 1402 1063 1434 ad
1089 1402 1230 1441 verbum,
1249 1411 1309 1434 non
1328 1406 1432 1434 autem
1458 1411 1514 1444 per
1539 1400 1693 1432 clausulas
1719 1409 1769 1441 ge-

1025 1456 1146 1489 nerales
1162 1455 1243 1488 idem
1260 1455 1476 1498 importantes,
1489 1453 1605 1486 mentio
1621 1453 1768 1490 facienda,

1025 1515 1074 1542 aut
1102 1510 1229 1553 quaevis
1255 1509 1313 1541 alia
1340 1507 1499 1551 expressio
1533 1507 1694 1548 habenda,
1720 1507 1765 1538 vel

1026 1564 1129 1606 aliqua
1156 1562 1309 1606 exquisita
1336 1563 1436 1594 forma
1461 1561 1497 1593 ad
1524 1561 1583 1594 11οςΙ
1616 1560 1768 1593 servanda

1027 1618 1116 1657 soret,
1134 1616 1194 1648 illis
1219 1616 1293 1648 alias
1315 1615 1345 1647 in
1370 1626 1426 1648 suo
1452 1614 1567 1647 robore
1588 1624 1769 1657 permansu-

1028 1671 1080 1708 ris,
1100 1671 1158 1703 liac
1186 1670 1250 1702 vice
1268 1669 1440 1709 dumtaxat,
1461 1669 1573 1701 barum
1599 1668 1678 1700 serie
1704 1677 1770 1710 spe-

1027 1723 1147 1756 cialiter
1165 1728 1194 1755 et
1208 1732 1353 1766 expresse
1372 1722 1578 1765 derogamus3
1594 1720 1769 1763 ceterisque

1028 1777 1193 1809 centrariis
1214 1776 1475 1820 quibuscumque.

1073 1831 1087 1873 ξ
1102 1830 1152 1862 41.
1169 1830 1319 1862 Volumus
1332 1835 1446 1869 autem,
1458 1829 1540 1872 quod
1557 1828 1768 1872 praesentium

1031 1883 1243 1926 transumptis,
1266 1892 1359 1915 manu
1378 1882 1509 1914 alicuius
1524 1881 1636 1914 notarii
1653 1880 1771 1924 publici

1030 1937 1225 1980 subscriptis,
1244 1937 1291 1969 vel
1318 1936 1489 1980 impressis,
1503 1946 1538 1968 ae
1552 1935 1656 1975 sigillo
1674 1934 1771 1967 alicu-

1031 1992 1078 2024 ius
1104 1990 1244 2034 praelati,
1263 1995 1312 2022 aut
1341 1990 1496 2032 generalis
1523 1988 1661 2021 eiusdem
1687 1987 1771 2021 Ordi-

1031 2045 1078 2077 nis
1103 2044 1199 2077 sancti
1216 2043 1311 2083 Pauli,
1334 2043 1379 2075 vel
1401 2053 1555 2086 personae
1574 2043 1604 2074 111
1622 2042 1772 2084 dignitate

1032 2097 1243 2131 ecclesiastica
1269 2096 1455 2129 constitutae
1488 2095 1635 2133 munitis,
1664 2094 1771 2127 eadem

1032 2163 1163 2196 prorsus
1180 2151 1256 2184 fides
1273 2150 1499 2183 adliibeaturin
1515 2149 1630 2182 iudicio
1643 2154 1672 2181 et
1687 2154 1773 2181 extra

1034 2205 1119 2244 illud,
1135 2215 1169 2237 ac
1196 2204 1225 2236 in
1252 2205 1391 2237 Romana
1418 2203 1503 2235 curia
1530 2208 1559 2234 et
1584 2207 1670 2234 extra
1694 2212 1773 2239 eam,

1033 2269 1067 2290 ae
1097 2258 1119 2289 si
1151 2257 1320 2299 originales
1345 2257 1467 2290 litterae
1492 2257 1591 2289 t'orent
1618 2255 1773 2287 exhibitae

1033 2311 1079 2341 vot
1098 2315 1252 2342 ostensae.
1268 2309 1350 2342 Nulli
1373 2320 1449 2352 ergo
1468 2309 1595 2341 omnino
1610 2307 1772 2339 bominum

1034 2363 1119 2395 liceat
1149 2363 1227 2394 lianc
1253 2363 1398 2406 paginam
1417 2368 1542 2395 nostrae
1559 2361 1773 2399 absolutionis,

1035 2416 1300 2451 confirmationis,
1326 2415 1571 2459 approbationis,
1597 2414 1773 2445 ‹lel'ertuuin

1034 2470 1258 2514 suppletionis,
1288 2469 1403 2501 decreti
1429 2468 1642 2511 derogationis
1668 2472 1697 2499 et
1722 2478 1775 2498 vo-

1035 2523 1161 2555 luntatis
1187 2523 1369 2565 infringere,
1387 2523 1431 2553 vet
1459 2522 1484 2553 ei
1511 2532 1586 2554 ausu
1609 2521 1775 2553 temerario

1035 2576 1201 2610 contraire.
1227 2576 1258 2608 Si
1291 2575 1360 2619 quis
1392 2580 1495 2607 autem
1529 2575 1588 2607 lioc
1620 2580 1775 2607 attentare

1035 2630 1293 2675 praesumpserit,
1313 2629 1557 2672 indignationem
1577 2629 1775 2673 (13111111ιί103-

1670 222 1734 255 379
1782 231 1830 257 An.
1841 230 1870 257 C.
1893 231 1960 258 1658
