2243 3205
69 208 115 233 An.
135 206 163 230 C.
182 205 248 232 1660

87 585 199 615 clausurae
209 584 245 605 ob-

65 614 161 633 serratio.

93 1170 147 1192 Nulli
161 1171 244 1192 mulieri

63 1198 141 1224 ingredi
172 1204 245 1218 mona-

62 1225 125 1245 steria
140 1225 209 1245 liceat.

860 208 1047 233 ALEXANDER
1072 208 1116 231 vn
1137 209 1183 232 PP.

263 258 365 286 sentes
391 254 656 298 subdelegamus,
688 256 785 296 abuti,
810 265 866 289 nos
892 261 921 288 et
945 256 1005 289 Ro-

263 316 390 339 manum
417 308 598 341 Pontificem
617 320 676 352 pro
701 314 846 353 tempore
873 310 1006 342 existen-

263 364 324 392 tem
350 370 445 405 super
475 363 511 394 ea
536 362 637 395 audiri
670 363 813 396 volumus
832 390 839 404 ,
864 369 898 396 ut
922 362 1004 406 quod

262 412 398 457 desuper
423 416 621 448 statuendum
655 417 749 449 suerit
775 419 895 450 matura
922 416 1003 449 deli-

261 466 424 500 beratione
449 468 589 501 adhibita
615 469 831 510 decernamus,
849 475 879 502 et
896 470 1006 503 Roma-

259 530 319 553 nus
337 519 476 553 Pontifex
503 532 561 565 pro
588 527 729 566 [empore
747 523 882 557 existens
899 523 1005 556 decer-

260 578 322 606 nat.
339 574 416 613 Quia
435 585 508 607 vero
525 580 630 608 exacta
649 575 826 609 observatio
841 576 1004 608 clausurae

261 627 389 672 puritati
415 628 598 661 monialium
631 629 864 662 conservandae
892 628 1005 661 eximie

261 686 291 713 et
314 681 483 724 praecipue
508 681 673 722 conducit,
699 687 727 714 et
754 682 906 714 moniales
930 681 1003 714 Car-

261 734 427 767 melitanae
445 745 480 767 ex
499 735 695 779 praescripto
721 746 828 768 earum
856 735 1005 768 reforma-

260 787 353 821 tionis
379 788 580 821 solitudinem
601 789 751 832 peculiari
768 789 910 822 instituto
935 799 1005 832 pro-

260 841 409 882 fitentur,
435 842 575 886 praefato
609 842 747 883 nuncio,
773 852 856 875 nune
889 847 919 874 et
944 852 1003 886 pro

260 899 402 939 tempore
427 896 581 936 existenti,
610 906 731 929 necnon
757 896 919 939 quibusvis
943 895 1005 938 pri-

260 949 408 990 matibus,
432 949 690 993 archiepiscopis,
716 949 891 993 episeopis,
922 948 1005 982 aliis-

259 1012 321 1045 que
345 1002 555 1045 praelatis,.ac
580 1002 805 1042 visitatoribus,
828 1002 1003 1035 rectoribus

260 1059 289 1087 et
307 1055 375 1087 aliis
392 1055 645 1099 quibuscumque
667 1060 915 1088 memoratorum
937 1066 999 1088 mo-

259 1108 470 1142 nasteriorum
497 1108 724 1153 superioribus,
742 1109 823 1142 serie
848 1115 878 1141 et
902 1109 1003 1141 distri-

260 1167 309 1195 cte
323 1162 541 1206 prohibemus,
557 1173 596 1195 ne
613 1162 799 1195 mulieribus
813 1162 1005 1206 quibuslibet

260 1216 487 1260 cuiuscumque
512 1221 620 1256 status,
645 1216 770 1259 gradus,
792 1216 952 1259 dignitatis
974 1221 1004 1248 et

259 1269 416 1312 qualitatis
437 1269 578 1311 existant,
600 1269 720 1302 etiamsi
738 1269 934 1313 principatus
951 1269 1004 1302 ho·

259 1332 338 1356 nore
362 1323 520 1367 fulgeant,
542 1323 719 1366 ingressum
746 1323 777 1355 in
802 1323 910 1356 eadem
936 1334 1003 1356 mo-

258 1376 413 1417 nasteria,
436 1387 490 1409 seu
515 1376 642 1420 aliquod
663 1387 699 1409 ex
721 1376 791 1417 illis,
817 1377 882 1410 ullo
908 1376 1002 1410 modo

258 1430 452 1473 permittant.
486 1431 632 1464 Volentes
667 1436 697 1463 et
731 1430 937 1464 decernentes
970 1435 1003 1465 ut

258 1483 436 1517 visitatores
461 1484 613 1528 praefati,
646 1483 721 1517 dum
753 1484 923 1517 visitabunt
948 1495 1000 1517 eo-

258 1537 404 1571 rumdem
443 1537 707 1570 monasteriorum
740 1538 936 1578 clausuram,
964 1537 1001 1570 ad

258 1590 470 1634 expediendos
489 1591 568 1623 ullos
586 1595 673 1623 actus
691 1590 743 1634 qui
758 1591 796 1624 ad
814 1596 914 1623 crates
933 1590 1000 1623 sieri

259 1648 289 1676 et
309 1644 450 1687 expediri
472 1647 630 1687 poterunt,
652 1644 784 1688 exempli
804 1646 897 1677 eausa
917 1655 1001 1677 scru-

257 1697 391 1739 tinium,
425 1697 607 1742 capitulum,
638 1708 674 1731 ae
706 1708 868 1731 sermones
893 1704 923 1731 et
947 1698 999 1730 ad-

258 1750 447 1783 monitiones
477 1750 666 1794 spirituales,
687 1751 865 1784 nullatenus
890 1751 998 1794 ingre-

258 1803 398 1844 diantur,
413 1814 471 1837 nec
485 1815 574 1837 casus
592 1804 784 1837 necessitatis
804 1804 1000 1847 ingrediendi

258 1857 367 1890 eadem
393 1858 585 1891 monasteria
609 1858 699 1890 aliter
724 1868 817 1901 quam
844 1858 929 1890 iuxta
954 1857 998 1889 in-

258 1911 516 1955 terpretationem
557 1917 586 1944 et
627 1912 819 1944 intellectum
858 1911 935 1944 iuris
972 1916 1001 1943 et

259 1965 465 1998 conciliorum
489 1975 524 1997 ac
545 1965 803 1998 constitutionum
825 1965 897 1998 dieti
915 1965 1001 1998 Ordi-

259 2017 306 2050 nis
323 2028 339 2050 a
362 2018 440 2051 Sede
465 2018 640 2062 Apostolica
667 2019 914 2062 approbatorum
936 2020 1001 2052 ullo

259 2071 354 2104 modo
379 2071 639 2115 interpretentur,
664 2077 765 2105 crates
790 2078 892 2105 autem
915 2083 1002 2116 prae-

259 2124 335 2158 fatas
359 2125 417 2157 nisi
444 2125 474 2157 in
499 2125 622 2157 casibus
647 2135 704 2169 per
728 2125 852 2158 easdem
880 2125 997 2159 consti-

258 2179 394 2211 tutiones
414 2179 571 2222 expressis
591 2178 706 2222 aperiri
728 2178 948 2222 prohibemus,
971 2179 1000 2211 in

259 2231 374 2275 quibus
394 2231 669 2265 constitutionibus
686 2242 788 2275 neque
813 2232 1000 2273 visitatores,

257 2294 359 2328 neque
390 2288 528 2318 rectores
561 2295 614 2317 seu
648 2285 830 2328 superiores
856 2285 919 2317 ullo
948 2294 1001 2316 un-

258 2348 352 2381 quam
378 2343 520 2381 tempore
545 2348 580 2370 ex
606 2349 804 2382 quacumque
830 2340 921 2370 causa
947 2349 1019 2370 seu·

258 2396 421 2434 praetextu
447 2391 647 2435 dispensare,
675 2396 729 2424 aut
760 2391 950 2424 monialibus
975 2402 1018 2424 ο-Ἰ

258 2454 401 2488 gressum
428 2455 462 2477 ex
488 2455 598 2477 eorum
618 2445 814 2477 monasteriis
831 2455 884 2477 seu
911 2445 997 2477 elau-

258 2497 350 2538 stris,
376 2497 452 2531 caeli
475 2498 613 2530 mutandi
641 2498 686 2530 vel
712 2509 808 2541 aquas
833 2499 1000 2531 minerales

258 2551 299 2585 ob
324 2551 536 2585 infirmitatem
562 2551 705 2593 adeundi,
727 2552 826 2585 aliave
844 2552 936 2585 simili
963 2564 998 2585 ex

259 2607 363 2645 causa,
389 2605 571 2648 permittere
596 2609 753 2649 poterunt.

1039 310 1091 342 nis.
1107 313 1135 343 et
1152 306 1389 353 orationis,‘cui
1411 316 1604 344 memoratae
1629 311 1780 344 moniales

1039 415 1221 456 adhaerent,
1247 417 1346 449 amitti
1376 418 1422 450 vel
1448 417 1578 451 distrahi
1604 417 1702 461 possit
1726 428 1781 461 pe-

1039 468 1149 501 culiari
1176 471 1274 510 eura,
1299 481 1392 513 quam
1426 471 1613 514 puellarum,
1646 481 1725 514 quae
1750 471 1781 502 in

1040 522 1229 555 monasteria
1261 523 1441 557 huiusmodi
1474 535 1531 567 per
1555 525 1711 557 seculares
1736 524 1780 556 sa-

1040 586 1130 608 vores
1155 582 1263 609 contra
1284 588 1374 609 usum
1393 577 1465 609 dicti
1484 577 1608 611 Ordinis
1627 577 1782 610 educatio-

1039 628 1086 661 nis
1111 631 1204 661 eausa
1231 629 1386 662 introduci
1412 636 1549 673 possent,
1574 630 1728 663 institutio
1753 637 1783 663 et

1039 682 1204 715 instructio
1238 683 1430 726 requireret;
1457 683 1487 715 in
1512 684 1652 726 praefato
1677 689 1780 716 autem

1040 746 1138 779 regno
1163 746 1219 779 per
1244 736 1296 768 Dei
1323 736 1456 779 gratiam
1475 737 1535 768 alia
1559 736 1589 768 in
1616 737 1782 770 sufficienti

1039 800 1172 822 numero
1199 790 1397 834 reperiantur
1433 791 1623 823 monasteria
1655 791 1780 824 monia—

1038 843 1137 883 lium,
1169 854 1248 887 quae
1274 844 1452 887 puellarum
1478 844 1665 884 educationi,
1691 855 1726 877 ac
1751 844 1782 876 in

1038 897 1203 940 disciplina
1229 902 1258 929 et
1284 897 1423 930 moribus
1456 897 1634 930 christianis
1664 897 1781 930 instru-

1039 950 1133 983 ctioni
1161 950 1313 983 seculari¹
1340 951 1481 984 instituto
1508 951 1708 990 incumbunt,
1735 951 1781 983 id-

1038 1004 1134 1044 cireo,
1152 1004 1333 1037 earumdem
1357 1004 1539 1037 monialium
1566 1005 1783 1038 Carmelitana-

1040 1068 1107 1089 rum
1135 1057 1232 1101 quieti
1263 1057 1446 1101 prospicere
1479 1058 1660 1101 cupientes,
1686 1068 1724 1090 ne
1751 1058 1781 1090 in

1038 1111 1162 1143 illarum
1202 1111 1391 1144 monasteria
1417 1112 1561 1155 puellae,
1587 1112 1782 1144 educationis

1039 1165 1084 1196 vel
1111 1165 1325 1198 instructionis
1346 1167 1450 1205 eausa,
1468 1165 1525 1197 sub
1552 1166 1662 1208 quovis
1684 1176 1778 1209 prae-

1037 1222 1132 1258 textu,
1153 1218 1226 1257 sine,
1244 1224 1297 1251 aut
1314 1219 1445 1258 ratione,
1463 1229 1661 1262 quacumque
1679 1225 1783 1252 aucto-

1037 1271 1127 1304 ritate
1152 1272 1344 1315 recipiantur
1369 1276 1420 1303 aut
1446 1271 1702 1312 introducantur,
1734 1271 1781 1303 di-

1037 1325 1143 1358 stricte
1170 1325 1378 1368 prohibemus
1403 1330 1432 1357 et
1459 1324 1686 1357 interdicimus.
1714 1324 1781 1357 Sta-

1037 1383 1158 1411 tuentes
1184 1383 1213 1410 et
1238 1378 1441 1419 ordinantes,
1467 1384 1499 1411 ut
1524 1378 1667 1421 puellae,
1701 1388 1781 1421 quae

1037 1431 1177 1464 habitum
1203 1442 1260 1475 per
1290 1432 1444 1475 praefatas
1477 1431 1629 1464 moniales
1653 1431 1779 1464 Carme-

1036 1485 1147 1517 litanas
1172 1486 1287 1528 gestari
1322 1486 1448 1518 solitum
1474 1485 1633 1528 suscipere
1659 1485 1780 1518 deside—

1036 1539 1196 1578 raverint,
1217 1544 1384 1582 postquam
1411 1538 1496 1570 iuxta
1520 1538 1779 1571 consuetudinem

1036 1598 1065 1625 et
1091 1592 1329 1625 constitutiones
1347 1592 1420 1624 dieti
1444 1591 1568 1624 Ordinis
1586 1592 1779 1624 examinatae

1036 1645 1173 1685 suerint,
1203 1645 1235 1677 in
1260 1645 1450 1678 monasteria
1474 1645 1654 1677 huiusmodi
1680 1645 1779 1688 recipi

1036 1704 1203 1743 nequeant,
1220 1699 1279 1731 nisi
1298 1705 1429 1731 aetatem
1446 1710 1502 1743 per
1520 1699 1643 1731 easdem
1669 1699 1780 1732 consti-

1037 1753 1172 1785 tutiones
1191 1752 1373 1796 requisitam
1393 1752 1641 1795 compleverint3
1661 1752 1683 1784 si
1704 1762 1778 1785 vero

1036 1806 1167 1847 eveniat,
1189 1810 1222 1838 nt
1243 1805 1282 1838 ob
1303 1805 1438 1848 aliquam
1462 1816 1585 1837 eausam
1608 1816 1662 1838 seu
1687 1805 1779 1837 ratio-

1036 1869 1105 1890 nem
1125 1858 1419 1898 extraordinariam,
1434 1863 1463 1891 et
1478 1863 1724 1891 memoratorum
1739 1858 1780 1890 vi-

1035 1912 1198 1945 sitatorum
1235 1911 1351 1945 iudicio
1376 1923 1524 1955 gravem,
1550 1913 1669 1956 aliquas
1695 1911 1777 1946 dicta

1035 1970 1134 1997 aetate
1160 1965 1298 1997 minores
1331 1965 1450 1998 admitti
1478 1965 1626 2008 expedire
1651 1975 1777 2008 compe-

1036 2018 1143 2060 riatur,
1165 2019 1250 2050 nulla
1271 2024 1372 2051 tamen
1399 2018 1494 2062 recipi
1515 2029 1650 2062 unquam
1670 2019 1777 2062 possit,

1035 2082 1114 2115 quae
1140 2072 1249 2104 saltem
1275 2072 1514 2115 quatuordecim
1536 2082 1689 2105 annorum
1714 2082 1777 2105 non

1037 2126 1214 2169 impleverit
1246 2131 1389 2158 aetatem.
1422 2126 1587 2159 Postremo
1612 2127 1777 2159 statuimus

1036 2180 1153 2222 pariter
1184 2184 1213 2211 et
1238 2179 1421 2212 ordinamus
1454 2185 1507 2220 ut,
1541 2180 1666 2222 quando
1697 2189 1776 2211 nova

1036 2232 1225 2266 monasteria
1250 2232 1322 2265 dicti
1349 2232 1474 2265 Ordinis
1500 2233 1681 2266 monialium
1708 2233 1777 2264 Car—

1036 2286 1255 2318 melitanarum
1282 2286 1313 2317 in
1338 2287 1479 2329 praefato
1504 2297 1602 2329 regno
1628 2286 1776 2319 Franciae

1035 2340 1174 2382 erigendi
1201 2351 1256 2373 seu
1289 2340 1436 2373 fundandi
1469 2341 1648 2373 occasiones
1680 2351 1711 2373 se
1737 2341 1778 2373 os-

1036 2394 1178 2433 serrentff,
1194 2394 1358 2427 memorati
1378 2393 1439 2426 duo
1458 2394 1633 2427 visitatores
1651 2399 1772 2437 aposto-

1035 2446 1096 2487 lici,
1115 2448 1263 2479 unacum
1292 2451 1413 2480 rectore
1438 2457 1490 2479 seu
1517 2447 1679 2490 superiore
1704 2457 1775 2490 par—

1036 2500 1156 2532 ticulari
1184 2500 1364 2534 monasterii
1394 2511 1428 2533 ex
1455 2511 1517 2543 quo
1543 2500 1693 2533 moniales
1717 2511 1775 2544 pro

1072 2572 1080 2597 1
1101 2571 1200 2598 Forsan
1209 2571 1358 2606 peculiari
1370 2580 1416 2607 pro
1428 2573 1555 2600 seculari
1566 2572 1671 2608 legend.
1685 2573 1773 2608 (um).

1068 2615 1083 2641 ἱ)
1104 2615 1195 2643 Melius
1210 2616 1329 2650 offerent
1345 2616 1384 2643 vel
1401 2617 1522 2651 offerunt
1539 2618 1576 2652 (u.
1593 2621 1641 2644 TA.

1687 200 1751 233 619
1799 209 1846 235 An.
1865 210 1894 236 c.
1914 211 1980 238 1660

1083 257 1097 299 ξ
1130 256 1158 289 5.
1184 256 1363 299 Praeterea,
1390 268 1460 290 cum
1486 257 1615 302 spiritus
1641 257 1780 290 solitudi-
1815 272 1981 299 memmim-

1796 299 1916 320 dueationis
1931 306 1982 320 eau-

1796 331 1819 345 sa
1836 326 1927 347 indictis
1938 332 1982 347 nio-

1795 354 1894 373 misteriis

1039 362 1265 396 Carmelitanae
1290 364 1373 397 iuxta
1395 375 1502 397 earum
1525 364 1779 397 reformationem
1796 380 1858 400 man.
