2243 3205
239 152 288 178 An.
310 152 336 177 C.
362 153 428 179 1659

277 1005 392 1031 Expositio.

473 144 507 177 5¹.
518 145 537 176 ›i-

440 212 520 241 rcm,
531 201 588 234 sub
598 202 713 236 annulo
724 202 901 247 piscatoris,
913 204 988 239 diov
999 206 1180 240 novembris

439 263 565 294 MDcle,
586 254 788 297 pontificatus
804 256 904 290 nostri
924 267 1006 292 anno
1025 268 1053 291 v.

477 314 534 341 Dat.
552 315 595 342 die
611 315 628 342 5
643 316 798 344 novembris
817 318 894 350 1659,
916 319 1011 353 pontif.
1025 328 1093 347 anno
1110 328 1134 348 v.

722 484 894 519 CCLXVIII.

445 570 536 610 Quod
548 573 714 615 qeneralis
729 574 995 618 Conpreyatiom's
1012 577 1184 609 monacho-

488 634 562 656 rum
587 625 636 657 del
661 626 802 669 Tardon‚
830 627 965 662 Ordinis
995 630 1099 662 sancti
1123 629 1185 662 Ba-

488 677 560 709 silii
579 678 694 722 Magyni
716 680 821 713 visitet
841 681 1128 725 Conyreqaci'onem
1152 693 1185 716 eo

489 730 582 763 modo
596 742 656 775 quo
675 732 853 776 disponunt
876 735 984 768 brevia
1008 737 1187 770 novissima

493 783 617 817 Urbani
645 785 730 819 VIII
751 791 778 820 et
802 787 989 821 Imzocentii
1013 790 1052 822 X.

641 872 805 899 Alexander
824 873 904 907 Papa
923 874 987 907 VII,

589 915 625 941 ad
644 916 778 943 futuram
798 917 844 944 rei
864 919 1045 946 memoriam.

494 992 576 1025 Alias
601 994 674 1038 (pro
690 1001 778 1039 parte
796 996 900 1031 dilecti
922 997 977 1031 filii
997 999 1155 1034 Francisci
1173 1011 1190 1034 a

450 1046 529 1088 Iesu,
547 1049 764 1090 procuratoris
786 1051 942 1093 generalis
964 1052 1189 1097 Congregatio-

450 1099 498 1132 nis
516 1110 570 1133 seu
587 1102 767 1144 provinciae
782 1103 832 1136 del
849 1105 972 1138 Tardon
993 1113 1191 1151 nuncupatae

451 1154 678 1188 monachorum
705 1157 948 1192 reformatorum
975 1160 1098 1194 Ordinis
1122 1172 1191 1194 san-

453 1207 492 1240 cti
518 1207 621 1241 Basilii
646 1210 748 1252 Magni
775 1210 806 1244 in
832 1212 989 1256 Hispania,
1005 1215 1191 1248 venerabili-

451 1259 512 1293 bus
526 1261 674 1295 fratribus
687 1264 804 1297 nostris
829 1264 857 1297 S.
876 1266 911 1299 R.
929 1266 961 1299 Ε.
981 1267 1192 1302 cardinalibus

452 1315 586 1357 negotiis
611 1321 641 1348 et
665 1317 946 1352 consultationibus
970 1320 1192 1365 episcoporum

275 1378 439 1401 cumennora
455 1372 485 1400 et
508 1369 700 1411 regularium
725 1371 914 1415 praepositis
939 1373 1089 1417 exposito,
1110 1375 1194 1418 quod

255 1405 350 1426 Clemens
367 1404 416 1425 VIII.

454 1420 553 1454 felicis
585 1423 811 1457 recordationis
844 1425 985 1459 Clemens
1016 1427 1098 1471 Papa
1129 1428 1194 1461 VIII

454 1475 680 1518 praedecessor
710 1483 817 1510 noster
852 1489 910 1522 per
946 1480 1097 1523 quasdam
1124 1492 1195 1514 suas

456 1528 487 1560 in
513 1529 606 1561 simili
631 1531 732 1564 forma
756 1531 862 1564 Brevis
887 1532 936 1566 die
962 1543 1037 1566 xxm
1061 1540 1192 1578 septem-

457 1581 522 1614 bris
548 1593 646 1616 Mncul
678 1585 837 1628 expeditas
870 1586 990 1620 litteras
1026 1587 1107 1621 inter
1138 1589 1198 1621 alia

458 1635 619 1677 decrevit,
649 1637 775 1671 eosdem
809 1639 980 1673 monachos
1012 1641 1198 1675 reformatos

459 1689 563 1722 abbati
587 1690 661 1724 dicti
686 1691 810 1725 Ordinis
835 1693 992 1735 generalis
1011 1694 1113 1727 taliter
1130 1695 1200 1728 sub-

460 1742 580 1784 iacere,
606 1749 639 1776 ut
663 1744 729 1788 ipse
757 1755 813 1789 per
838 1756 879 1788 se,
904 1756 968 1779 non
993 1757 1067 1780 vero
1092 1759 1149 1792 per
1172 1760 1201 1781 a-

460 1796 550 1837 lium,
574 1797 633 1829 nisi
654 1797 734 1831 forte
759 1808 795 1830 ex
822 1799 931 1832 eadem
949 1800 1201 1844 Congregatione

461 1850 632 1883 reformata
659 1852 858 1894 monachum,
875 1853 974 1896 possit
993 1854 1063 1887 illos
1089 1859 1149 1888 tam
1170 1856 1201 1888 in

462 1903 563 1947 capite
587 1915 681 1947 quam
715 1905 745 1937 in
771 1906 921 1939 membris
946 1906 1082 1949 visitare,
1103 1909 1201 1942 corri-

462 1967 537 1999 gere
563 1961 592 1991 et
616 1958 801 1999 emendare,
827 1969 890 1992 non
923 1970 997 1993 vero
1030 1960 1060 1993 in
1097 1962 1202 2006 aliquo

464 2014 573 2043 contra
598 2011 782 2044 corumdem
804 2013 1032 2047 monachorum
1055 2015 1203 2048 reforma-

465 2064 580 2098 tionem
606 2075 660 2097 seu
681 2066 919 2100 constitutiones
939 2068 977 2100 ab
997 2069 1072 2112 ipsis
1093 2070 1204 2103 facien-

464 2117 519 2150 das
548 2123 577 2151 et
596 2129 613 2151 a
630 2119 708 2152 Sede
725 2120 905 2164 Apostolica
924 2122 1144 2166 approbandas
1173 2124 1204 2156 in

466 2172 626 2204 communi
646 2173 692 2205 vel
717 2184 788 2206 cum
813 2174 919 2218 aliquo
939 2176 1122 2218 particulari
1147 2176 1206 2209 dis·

465 2235 608 2268 pensare,
629 2226 676 2258 vel
700 2226 870 2270 quidquam
896 2228 980 2261 aliud
1004 2234 1127 2262 mutare
1151 2241 1204 2263 scu

467 2279 630 2321 innovare,
655 2289 757 2323 neque
783 2281 953 2315 monachos
978 2282 1164 2317 reformatos
1189 2294 1206 2316 a

468 2332 532 2364 suis
559 2333 757 2366 monasteriis
786 2334 825 2367 ad
858 2335 918 2367 alia
943 2346 1143 2380 quacumque
1167 2337 1205 2370 de

469 2387 559 2418 causti
578 2386 711 2429 auferre,
729 2398 783 2420 seu
803 2388 880 2421 alios
900 2389 938 2421 ab
957 2389 1034 2433 ipsis
1058 2390 1149 2424 etiam
1168 2391 1206 2424 ad

468 2438 561 2471 breve
580 2445 705 2484 tempus
722 2441 820 2484 recipi
841 2441 952 2484 facere,
964 2443 1010 2475 vel
1021 2443 1105 2475 aliud
1123 2444 1208 2486 quic-

470 2501 562 2534 quam
589 2493 735 2526 ordinare
761 2505 815 2527 seu
840 2499 987 2536 statuere,
1016 2495 1046 2527 in
1077 2507 1140 2540 quo
1166 2496 1209 2540 ip-

1012 159 1190 183 BULLARIUM
1216 160 1368 184 ROMANUM

1961 166 2010 193 An.
2026 167 2056 194 C.
2077 166 2144 195 1659

1213 207 1403 251 inquietare;
1422 208 1575 252 dictisque
1592 211 1754 245 monachis
1771 213 1949 247 reformatis

1213 266 1451 303 procuratorem
1485 262 1522 294 ad
1555 263 1726 296 Romanam
1751 265 1869 298 curiam
1895 265 1949 298 eli-

1213 312 1317 355 gendi,
1335 317 1364 346 et
1388 313 1503 346 ibidem
1521 325 1580 358 pro
1605 315 1706 348 dictae
1730 316 1951 360 Congregatio-

1213 365 1261 398 nis
1278 366 1412 408 negotiis
1430 367 1609 408 tractandis,
1623 369 1774 411 quamdiu
1787 370 1952 412 voluerint,

1215 417 1349 450 habendi
1371 418 1548 452 facultatem
1575 421 1739 462 tribuerim

1259 470 1455 504 Recolendae
1489 482 1563 506 vero
1603 474 1775 507 memoriae
1811 474 1954 508 Urbanus
2009 490 2062 521 oiim
2085 489 2150 511 uma-

1216 522 1298 566 Papa
1319 524 1382 556 VIII
1403 525 1495 557 etiarn
1517 526 1742 569 praedecessor
1766 532 1873 560 noster
1898 538 1955 572 per
1969 522 2008 537 ⁰¹¹⁵
2023 516 2068 537 *¹¹¹

1216 576 1366 618 quasdam
1392 587 1463 610 suas
1481 577 1512 610 in
1534 579 1642 611 eadem
1664 579 1765 612 forma
1784 580 1890 614 Brevis
1907 581 1956 613 lit-

1218 633 1301 661 teras
1325 628 1375 662 die
1401 640 1461 663 xxx
1479 631 1619 664 octobris
1635 641 1776 665 itincxxut
1796 633 1958 676 expeditas

1218 681 1322 714 abbati
1348 684 1486 725 generali
1505 684 1628 717 Ordinis
1650 685 1780 728 praefati
1800 696 1858 729 pro
1883 691 1958 719 tein-

1218 744 1296 777 pore
1314 735 1454 768 existenti
1471 737 1678 780 praeceperit,
1697 743 1730 770 ut
1747 737 1778 770 in
1795 744 1957 781 posterum

1219 787 1394 830 praedictas
1411 788 1530 822 litteras
1547 789 1580 822 in
1595 790 1697 823 forma
1714 790 1821 823 Brevis
1837 801 1958 825 merno-

1221 839 1279 872 rati
1305 840 1472 874 Clementis
1491 842 1742 885 praedecessoris
1758 843 1887 877 omnino
1904 844 1959 877 ob-

1221 899 1361 926 servaret
1389 899 1419 927 et
1450 894 1611 928 observari
1636 896 1763 937 faceret,
1787 896 1960 931 decernens

1222 946 1328 988 illum,
1354 948 1379 980 si
1406 958 1542 992 unquam
1578 949 1714 993 aliquem
1739 959 1776 983 ex
1799 949 1962 983 monachis

1223 1001 1401 1034 reformatis
1432 1002 1614 1036 huiusmodi
1644 1009 1753 1037 contra
1782 1003 1961 1047 dispositio-

1223 1065 1295 1087 nem
1328 1055 1483 1088 dictarum
1512 1056 1688 1090 litterarum
1716 1057 1755 1090 ad
1783 1057 1963 1101 provincias

1224 1118 1287 1141 non
1318 1109 1505 1142 reformatas
1535 1110 1703 1144 transferre
1734 1110 1961 1154 praesumpsis-

1224 1166 1285 1202 set,
1314 1172 1448 1204 poenam
1473 1162 1659 1206 privationis
1684 1162 1768 1197 vocis
1791 1163 1910 1196 activae
1934 1168 1964 1196 et

1224 1214 1364 1258 passivae
1389 1224 1426 1248 eo
1451 1215 1519 1259 ipso
1543 1215 1726 1256 incurrere,

1269 1268 1284 1311 ἓ
1308 1268 1337 1300 2.
1363 1268 1489 1312 Nosque
1512 1279 1569 1312 per
1589 1274 1713 1302 nostras
1733 1268 1840 1302 itidem
1854 1268 1886 1302 in
1904 1268 1964 1303 for·
1979 1282 2162 1330 deffuiv'iii‘iix‘iii'

1228 1323 1279 1354 ma
1303 1322 1409 1354 Brevis
1434 1322 1484 1355 die
1500 1332 1531 1355 x1
1548 1322 1698 1355 februarii
1722 1332 1864 1356 MDCLVIH
1881 1333 1965 1356 ema·
1979 1336 2089 1357 nocentms
2104 1336 2128 1357 x.

1226 1380 1313 1408 natas
1337 1376 1456 1408 litteras
1481 1375 1747 1418 ordinaverimus,
1771 1376 1875 1420 quoad
1899 1376 1968 1410 visi-

1229 1428 1376 1461 tationem
1395 1428 1562 1461 servandas
1580 1439 1647 1462 esse
1671 1429 1790 1462 litteras
1815 1429 1969 1473 praedicti

1228 1482 1394 1516 Clementis
1414 1482 1677 1526 praedecessoris,
1704 1488 1738 1516 ut
1758 1482 1877 1516 scilicet
1897 1482 1968 1516 fieri

1230 1525 1414 1579 debeat—per
1434 1535 1605 1579 ipsummet
1621 1536 1765 1569 abbatem
1777 1536 1968 1579 generalem,

1231 1593 1262 1622 et
1285 1599 1322 1622 eo
1347 1589 1497 1633 impedito
1521 1600 1578 1633 per
1602 1589 1697 1622 alium
1724 1600 1759 1623 ex
1789 1600 1968 1633 congrega-

1231 1641 1315 1674 tione
1339 1642 1391 1674 del
1419 1641 1557 1684 Tardon,
1576 1642 1679 1686 quoad
1705 1642 1970 1676 contributionem

1232 1700 1336 1728 autem
1361 1706 1419 1739 pro
1444 1695 1660 1728 assistentibus
1686 1701 1715 1728 et
1740 1706 1850 1729 eorum
1876 1695 1971 1730 inter-

1235 1753 1327 1781 ventu
1351 1748 1383 1780 in
1409 1748 1584 1781 visitatione
1605 1759 1677 1782 cum
1696 1749 1807 1781 abbate
1832 1749 1971 1792 generali

1234 1801 1352 1834 litteras
1368 1802 1437 1846 piae
1456 1801 1627 1835 memoriae
1650 1801 1823 1835 Innocentii
1840 1802 1865 1835 X
1885 1813 1974 1846 prae·

1234 1854 1408 1888 decessoris
1424 1855 1544 1898 pariter
1563 1855 1663 1888 nostri
1680 1865 1745 1889 non
1769 1855 1974 1899 comprehen-

1235 1907 1310 1940 dere
1323 1907 1437 1940 dictam
1459 1907 1744 1951 Congregationem
1766 1919 1822 1942 seu
1846 1909 1974 1952 provin-

1236 1961 1315 1994 ciam
1340 1960 1392 1994 del
1413 1961 1552 2003 Tardmz,
1578 1971 1613 1994 ac
1634 1961 1768 2005 proinde
1795 1961 1975 1994 assistentes

1236 2024 1299 2047 non
1315 2024 1407 2058 posse
1427 2014 1617 2048 intervenire
1635 2014 1666 2047 in
1688 2014 1770 2047 dicta
1789 2014 1974 2057 visitatione,

1236 2077 1294 2100 nec
1314 2068 1428 2101 dictam
1446 2068 1643 2112 provinciam
1662 2068 1714 2101 del
1730 2068 1860 2101 Tardon
1877 2068 1976 2101 teneri

1237 2120 1275 2153 ad
1288 2121 1424 2164 aliquam
1439 2121 1704 2155 contributionem
1722 2132 1781 2165 pro
1798 2121 1889 2154 dictis
1906 2120 1977 2154 assi-

1238 2174 1407 2215 stentibus;
1433 2180 1597 2218 praeterea
1622 2175 1802 2219 praedictus
1832 2175 1977 2208 Urbanus

1239 2228 1465 2271 praedecessor
1490 2228 1522 2260 in
1551 2228 1738 2272 quibusdam
1765 2228 1833 2261 aliis
1857 2228 1921 2262 suis
1945 2228 1977 2261 in

1239 2280 1333 2314 simili
1359 2282 1459 2314 soi-ma
1495 2281 1602 2314 Brevis
1635 2281 1747 2314 litteris
1780 2281 1830 2315 dic
1858 2291 1891 2315 lx
1911 2281 1977 2315 ian-

1240 2335 1340 2367 nuarii
1358 2345 1484 2369 nincxxx
1504 2335 1542 2368 ad
1560 2335 1698 2368 favorem
1720 2335 1821 2368 dictae
1845 2335 1979 2378 Congre-

1241 2389 1374 2431 gationis
1398 2388 1450 2421 det
1471 2388 1595 2421 Tardon
1621 2389 1773 2432 expeditis
1797 2388 1899 2422 abbati
1924 2399 1979 2431 ge-

1241 2442 1340 2474 nerali
1370 2442 1535 2474 memorati
1561 2441 1685 2474 Ordinis
1704 2441 1883 2483 iniunxerit‚
1901 2445 1934 2475 ut
1948 2441 1978 2474 in

1242 2494 1416 2528 visitatione
1448 2494 1547 2527 dictae
1580 2494 1760 2538 provmciac
1792 2494 1979 2527 reformatae

471 2554 521 2577 sos
547 2545 644 2588 possit
667 2546 875 2590 perturbare,
896 2557 952 2581 seu
973 2548 1210 2592 quomodolibet
1243 2557 1393 2592 expensas
1418 2552 1537 2580 tantum
1562 2547 1763 2589 necessarias,
1781 2557 1859 2592 quae
1877 2552 1979 2580 tamen

2231 460 2239 584 i
