2243 3205
619 483 899 568 INDEX
965 479 1426 566 INITIALIS.

620 1164 643 1195 A

259 1267 447 1312 Accepimus
471 1278 575 1312 nuper
599 1268 659 1302 sub
684 1269 832 1303 nomine.
864 1295 870 1301 .
901 1296 907 1301 .
935 1268 1002 1302 364

259 1321 404 1366 Acceptis
428 1333 531 1366 nuper
554 1333 573 1355 a
598 1321 777 1363 carissimo,
828 1350 834 1355 .
866 1350 871 1355 .
903 1350 908 1355 .
937 1322 1000 1356 359

261 1375 308 1408 Ad
332 1375 526 1420 apostolicae
550 1376 712 1419 dignitatis
737 1377 873 1420 apicem.
904 1404 910 1409 .
938 1376 1003 1409 564

259 1428 307 1461 Ad
332 1439 426 1462 aures
451 1435 576 1462 nostras
601 1429 835 1473 quorumdam.
866 1457 872 1462 .
904 1456 910 1462 .
939 1428 1003 1463 133

260 1481 308 1514 Ad
325 1493 419 1516 aures
436 1488 561 1517 nostras
578 1482 698 1526 ingenti
713 1493 786 1515 cum
803 1482 899 1515 animi
939 1482 1004 1516 645

260 1535 308 1568 Ad
333 1547 369 1570 ea
394 1546 449 1581 per
474 1547 556 1580 quae
583 1536 840 1570 christifidelium
868 1563 874 1569 .
905 1563 911 1569 .
939 1535 1002 1569 407

259 1588 306 1622 Ad
331 1599 377 1629 ea,
402 1601 460 1633 per
484 1600 566 1634 quae
587 1589 835 1633 religiosorum.
866 1617 872 1622 .
903 1617 909 1622 .
939 1588 1004 1622 452

261 1642 309 1675 Ad
334 1643 467 1677 eximios
493 1644 673 1687 uberesque
699 1645 842 1677 fructus.
872 1670 878 1676 .
906 1671 912 1676 .
940 1643 999 1677 471

259 1695 419 1730 Admonet
443 1706 501 1730 nos
525 1697 664 1740 suscepti
686 1708 762 1730 eura
767 1723 914 1730 .....
940 1696 1006 1730 694

260 1749 307 1782 Ad
333 1750 492 1794 pastorale
515 1750 689 1794 fastigium,
719 1750 839 1783 divina.
870 1777 876 1783 .
907 1777 912 1783 .
941 1751 1031 1783 474=

259 1803 307 1836 Ad
330 1804 492 1847 pastorale
519 1803 696 1847 fastigium,
722 1804 838 1837 nullo.
868 1830 875 1837 .
906 1831 911 1837 .
940 1803 1006 1837 504

259 1855 306 1889 Ad
330 1858 490 1900 pastorale
515 1857 690 1901 fastigium,
719 1857 841 1891 meritis
868 1885 874 1891 .
905 1885 911 1890 .
941 1857 1005 1891 533

260 1910 309 1943 Ad
333 1911 492 1953 pastorale
515 1911 689 1955 fastigium,
711 1911 842 1954 superni
870 1938 876 1944 .
906 1937 912 1945 .
942 1911 1004 1944 746

262 1963 309 1996 Ad
334 1964 501 2008 pastoralis
527 1965 692 2008 dignitatis
717 1965 879 2010 fastigium
905 1992 911 1998 .
940 1964 1004 1998 566

261 2016 308 2050 Ad
333 2018 527 2052 sacrosancti
552 2019 748 2062 apostolatus
772 2018 911 2062 apicem.
941 2019 1005 2052 625

262 2071 308 2105 Ad
333 2078 477 2106 sanctam
502 2072 585 2105 beati
611 2072 695 2106 Petri
719 2071 831 2106 Sedem
869 2099 875 2105 .
905 2099 912 2106 .
940 2071 1005 2105 245

262 2124 348 2158 Alias
373 2136 390 2159 a
414 2124 516 2159 felicis
536 2125 780 2167 recordationis,
832 2153 839 2159 .
869 2153 875 2159 .
906 2153 912 2159 .
939 2125 1004 2158 2402

262 2178 346 2212 Alias
370 2190 387 2212 a
411 2179 502 2213 nobis
527 2185 716 2213 emanarunt
745 2180 870 2214 litterae
905 2207 911 2213 .
940 2179 1004 2214 646

262 2233 346 2266 Alias
371 2243 389 2266 a
414 2233 650 2268 venerabilibus
676 2233 847 2268 tratribus.
875 2261 882 2268 .
909 2261 915 2267 .
985 2234 1000 2267 1

263 2285 348 2320 Alias
373 2287 656 2330 congregationem
685 2288 915 2321 canonicorum
942 2287 1004 2321 178

262 2339 347 2372 Alias
372 2346 562 2374 conventum
587 2341 622 2374 B.
650 2341 734 2375 Petri
763 2368 768 2374 .
799 2367 805 2374 .
832 2368 838 2374 .
868 2368 875 2374 .
906 2366 914 2374 .
941 2341 1004 2375 757

262 2393 346 2427 Alias
366 2405 439 2428 cum
464 2394 503 2427 ad
529 2404 620 2428 aures
645 2394 747 2428 felicis
769 2421 915 2427 .....
984 2394 1005 2427 5

261 2446 348 2480 Alias
373 2452 563 2481 emanarunt
586 2458 603 2481 a
627 2447 727 2481 felicis
755 2447 912 2482 recordat.
963 2447 1005 2481 30

260 2499 345 2534 Alias
369 2507 562 2535 emanarunt
586 2512 604 2534 a
628 2502 875 2545 congregatione
905 2528 912 2534 .
941 2500 1000 2534 321

263 2553 347 2589 Alias
370 2561 560 2591 emanarunt
584 2566 602 2590 a
633 2554 726 2590 nobis
754 2554 877 2590 litterae
905 2580 912 2588 .
939 2553 1005 2588 487

1053 1161 1135 1194 Alias
1151 1166 1339 1194 emanarunt
1356 1170 1373 1192 a
1389 1159 1483 1194 nobis
1499 1159 1539 1193 ad
1556 1162 1704 1193 savorem.

1053 1215 1137 1248 Alias
1163 1214 1321 1249 emanavit
1344 1225 1361 1247 a
1386 1214 1484 1247 felicis
1509 1213 1666 1246 recordat.
1696 1239 1702 1245 .

1053 1268 1137 1301 Alias
1154 1268 1311 1301 emanavit
1336 1278 1352 1299 a
1377 1266 1633 1310 congregatione.
1661 1291 1667 1297 .

1054 1322 1136 1355 Alias
1161 1321 1260 1354 felicis
1286 1319 1517 1355 recordationis
1542 1319 1658 1351 Paulus
1684 1319 1706 1351 V

1054 1375 1139 1408 Alias
1153 1374 1252 1408 felicis
1266 1374 1392 1407 record.
1410 1373 1556 1406 Urbanus
1570 1372 1629 1404 1³1³.
1644 1372 1707 1404 Vlll

1054 1428 1137 1461 Alias
1161 1428 1332 1461 nonnullos
1358 1438 1394 1460 ex
1420 1425 1667 1460 venerabilium.

1055 1481 1139 1513 Alias
1163 1491 1235 1521 nos,
1261 1479 1416 1514 carissimi
1434 1480 1465 1512 iu
1491 1478 1615 1512 Christo
1640 1478 1708 1511 filii.

1055 1534 1139 1568 Alias
1171 1545 1248 1576 nOS‚
1276 1534 1399 1568 dilectis
1424 1533 1500 1566 filiis
1525 1538 1707 1576 congregat.

1056 1588 1139 1622 Alias
1163 1599 1234 1629 nOS,
1261 1588 1316 1632 qui
1341 1588 1492 1621 decorem
1518 1587 1646 1627 domus,

1056 1643 1139 1676 Alias
1163 1653 1233 1684 nos,
1258 1640 1547 1686 supplicationibus
1570 1640 1677 1674 dilecti
1699 1666 1704 1673 .

1056 1696 1139 1730 Alias
1163 1707 1220 1740 per
1243 1706 1300 1729 nos
1325 1701 1456 1739 accepto
1482 1694 1594 1739 quod.
1626 1719 1631 1727 .
1663 1720 1669 1726 .

1057 1751 1141 1783 Alias
1166 1760 1222 1794 per
1246 1749 1409 1793 quoddam
1435 1750 1611 1787 decretum,
1660 1775 1665 1780 .
1696 1775 1703 1780 .

1056 1804 1153 1844 Alias,
1173 1809 1342 1848 postquam
1360 1803 1464 1836 bonae
1483 1802 1657 1835 memoriae

1057 1857 1154 1899 Alias,
1180 1863 1349 1900 postquam
1375 1855 1472 1889 felicis
1497 1854 1654 1888 recordat.

1057 1910 1140 1943 Alias
1157 1909 1412 1953 praeceptoriam
1442 1919 1499 1941 seu
1524 1907 1707 1941 commend.

1057 1964 1140 1997 Alias
1158 1974 1216 2007 pro
1233 1969 1324 2007 parte
1342 1962 1446 1996 dilecti
1470 1961 1527 1995 filii
1548 1960 1708 1994 Francisci

1056 2017 1143 2050 Alias
1160 2027 1219 2061 pro
1240 2022 1330 2061 parte
1353 2015 1461 2049 dilecti
1487 2015 1543 2047 filii
1569 2013 1673 2048 tacobi
1700 2039 1706 2047 .

1057 2072 1139 2105 Alias
1155 2082 1214 2115 pro
1229 2076 1318 2115 parte
1335 2069 1442 2103 dilecti
1457 2068 1515 2101 filii
1532 2067 1707 2101 Francisci.

1057 2125 1140 2158 Alias
1158 2135 1216 2169 pro
1230 2129 1318 2169 parte
1330 2122 1439 2157 dilecti
1455 2122 1512 2155 filii
1530 2121 1668 2155 Antonii.
1699 2147 1705 2152 .

1057 2179 1141 2211 Alias
1158 2189 1216 2223 pro
1236 2183 1327 2222 parte
1345 2175 1451 2210 dilecti
1466 2174 1522 2207 filii
1536 2171 1706 2207 Francisci.

1057 2232 1142 2265 Alias
1158 2243 1216 2276 pro
1234 2237 1323 2276 parte
1341 2230 1446 2264 dilecti
1468 2229 1526 2262 filii
1545 2232 1704 2271 procurat.

1057 2286 1141 2319 Alias
1159 2296 1216 2330 pro
1242 2290 1329 2330 parte
1354 2283 1460 2316 dilecti
1487 2282 1543 2314 filii
1569 2281 1704 2314 loannis.

1058 2340 1143 2373 Alias
1160 2350 1218 2384 pro
1236 2344 1327 2383 parte
1346 2336 1449 2370 dilecti
1469 2335 1525 2368 filii
1547 2338 1706 2378 procurat.

1057 2393 1142 2426 Alias
1159 2403 1217 2436 pro
1232 2396 1320 2436 parte
1340 2391 1530 2423 dilectorum
1554 2387 1706 2420 tiliorum.

1058 2446 1142 2479 Alias
1158 2456 1217 2490 pro
1234 2451 1324 2489 parte
1344 2444 1535 2476 dilectorum
1557 2440 1707 2474 fitiorum.

1057 2500 1143 2533 Alias
1159 2510 1216 2544 pro
1233 2503 1321 2543 parte
1341 2498 1532 2531 dilectorum
1555 2493 1706 2527 filiorum.

1057 2554 1139 2588 Alias
1156 2564 1214 2598 pro
1229 2556 1318 2597 parte
1342 2550 1532 2585 dilectorum
1557 2547 1708 2581 filiorum.

1730 1157 1793 1192 647

1753 1211 1794 1245 59

1698 1290 1706 1297 5
1732 1264 1796 1298 635

1732 1318 1796 1351 590

1733 1371 1791 1403 711

1699 1452 1704 1457 .
1733 1424 1796 1458 138

1734 1477 1797 1510 596

1734 1532 1751 1564 7
1755 1531 1796 1565 08

1698 1613 1705 1618 .
1733 1584 1797 1618 979

1732 1638 1796 1672 488

1700 1721 1705 1726 .
1734 1692 1798 1726 343

1731 1747 1795 1780 522

1698 1827 1706 1834 .
1735 1800 1797 1834 716

1698 1880 1705 1886 .
1732 1853 1792 1886 451

1734 1905 1794 1938 411

1734 1958 1799 1991 514

1735 2012 1797 2045 532

1734 2065 1798 2099 535

1733 2118 1796 2151 586

1733 2171 1792 2205 6⁹21

1733 2223 1795 2258 697

1733 2278 1797 2311 713

1733 2332 1797 2366 75⁶2

1732 2385 1791 2419 491

1733 2439 1796 2472 492

1732 2492 1797 2525 495

1734 2545 1797 2578 516
