2243 3205
41 274 77 301 Αη
108 271 137 298 C.
154 270 221 298 1658

829 271 1013 298 ALEXANDER
1038 273 1083 298 vn
1102 268 1153 298 PF.

234 319 419 362 magistrum
439 325 469 353 et
483 320 566 353 illius
588 321 753 354 consilium
770 320 890 354 admitti
912 321 976 354 ullo

234 372 330 407 modo
355 374 485 418 possint,
510 374 570 407 nisi
595 377 688 408 causa
712 375 801 419 prius
825 386 883 419 per
909 386 973 409 eos-

234 424 305 458 dem
343 436 492 469 magnum
518 428 706 470 magistrum
744 433 774 461 et
809 428 974 462 consilium

234 479 361 523 cognita
375 485 405 515 et
418 486 540 515 mature
557 482 742 523 examinata,
753 487 782 515 et
795 493 852 527 per
869 481 976 515 suffra-

235 533 286 576 gia
309 539 445 578 quatuor
476 536 613 579 partium
641 546 678 569 ex
702 536 842 580 quinque
866 546 975 570 eorum

235 587 288 630 qui
313 592 388 621 tunc
412 588 444 621 in
472 589 602 622 consilio
619 589 840 633 reperiantur¹
869 600 904 622 ac
930 589 978 622 ius

234 641 354 674 serendi
371 641 512 685 suffragii
534 643 695 675 habebunt
711 643 911 677 concorditer
928 654 978 687 ap-

235 695 380 739 probata,
409 701 439 729 et
463 696 522 729 nisi
546 702 712 740 antequam
737 697 775 730 de
800 697 890 731 dictis
921 707 974 730 re-

234 749 488 783 nunciationibus
512 750 543 782 in
569 750 701 783 consilio
717 755 870 783 tractetur
886 760 977 794 prae-

235 804 365 836 cesserit
390 803 577 847 expressus⁹
601 814 772 837 consensus
797 805 829 837 in
853 804 978 848 seriptis

235 856 364 889 baiulivi
379 856 595 889 conventualis
612 857 723 901 capitis
741 857 824 890 illius
841 857 978 900 linguae,

235 909 274 941 ad
298 910 412 953 quem3
437 910 591 954 spectabit
614 910 774 954 prioratus
799 911 846 944 vel
871 911 979 944 baiuli-

236 968 324 996 vatus
348 964 387 997 de
411 965 500 998 cuius
531 964 673 998 cessione
693 965 741 998 vel
767 965 978 1007 resignatione

236 1016 392 1059 agendum
414 1018 489 1057 erit;
511 1022 541 1050 et
556 1018 647 1051 aliter
671 1018 769 1051 sactae
795 1018 840 1050 vel
867 1018 977 1052 admis-

237 1080 288 1103 sae
306 1071 571 1115 renunciationes‚
587 1072 819 1115 resignationes
845 1082 899 1105 seu
917 1083 980 1105 ces-

237 1124 340 1158 siones
366 1125 550 1168 titulorum,
580 1136 615 1159 ac
646 1126 764 1159 iurium
798 1126 977 1159 huiusmodi

237 1178 298 1211 sint
322 1178 389 1222 ipso
413 1179 494 1212 sacto
519 1179 628 1212 irritae
660 1185 690 1213 et
718 1190 849 1224 prorsus
874 1180 980 1212 invali-

237 1231 304 1272 dae,
325 1242 361 1265 ac
382 1232 499 1265 nullius
523 1233 648 1266 roboris
674 1238 703 1266 et
728 1233 890 1266 momenti.

281 1286 296 1329 ἓ
320 1285 350 1318 2.
371 1286 537 1319 Praeterea
561 1286 670 1320 eadem
697 1287 882 1321 auctoritate
907 1297 980 1331 pro-

237 1339 384 1373 hibemus
397 1350 436 1373 ne
449 1341 640 1384 quicumque
662 1341 775 1374 fratres
788 1341 862 1374 dicti
876 1341 982 1385 hospi-

238 1393 319 1435 talis,
338 1394 392 1437 qui
417 1395 512 1427 semel
537 1404 594 1438 per
614 1394 796 1428 huiusmodi
825 1395 980 1428 cessiones

239 1457 275 1480 ac
306 1447 534 1491 resignationes
567 1459 638 1481 cum
671 1449 885 1482 reservatione
910 1449 978 1481 fru-

240 1505 347 1533 ctuum
372 1500 504 1534 alicuius
528 1501 696 1544 prioratus,
722 1501 910 1534 baiulivatus
934 1502 980 1534 vel

241 1553 370 1587 alterius
383 1553 544 1596 dignitatis
557 1554 682 1587 titulum
706 1554 910 1595 obtinuerint,
928 1555 983 1587 du-

240 1613 329 1640 rante
349 1607 621 1640 administratione
650 1607 789 1648 illorum,
806 1607 859 1651 qui
883 1608 982 1641 titulis

240 1661 422 1694 huiusmodi
447 1667 618 1701 cesserunt,
636 1661 684 1694 vel
708 1661 778 1694 illos
802 1661 982 1704 resignave-

241 1714 314 1755 rint,
332 1715 370 1748 ad
389 1715 489 1748 ullum
514 1715 609 1748 alium
635 1716 811 1760 prioratum
829 1716 877 1749 vel
898 1716 984 1749 baiu-

240 1767 371 1801 livatum
391 1768 575 1812 promoveri
591 1768 722 1812 possint,
743 1769 796 1802 sed
810 1769 939 1802 omnino
953 1769 982 1801 in

241 1821 310 1866 ipso
333 1821 434 1864 titulo,
460 1832 552 1865 quem
579 1822 711 1855 assecuti
740 1822 886 1863 fuerunt,
911 1833 983 1866 per-

241 1880 413 1918 manentes,
424 1881 591 1909 teneantur
607 1881 775 1921 expectare
789 1877 982 1910 vacationem

242 1939 298 1963 seu
306 1929 512 1963 cessationem
528 1930 808 1964 administrationis
825 1930 982 1964 fructuum

242 1993 301 2027 per
325 1993 448 2016 cessum
469 1984 517 2016 vel
535 1983 698 2017 decessum
717 1983 800 2017 illius
817 1984 870 2028 qui
888 1984 920 2017 in
939 1995 985 2017 re-

243 2036 446 2070 nunciatione
472 2037 555 2070 tituli
588 2048 657 2070 eam
683 2038 741 2071 sibi
767 2038 984 2079 reservaverit,

245 2090 423 2135 statimque,
447 2091 608 2124 eveniente
628 2092 791 2125 vacatione
808 2102 864 2125 seu
887 2103 987 2126 cessa-

246 2144 331 2177 tione
355 2144 546 2185 huiusmodi,
567 2145 726 2189 praedicta
743 2145 984 2187 administratio,

245 2199 309 2230 una
337 2208 408 2230 cum
445 2197 621 2231 redditibus
653 2204 683 2231 et
711 2199 865 2232 fructibus
889 2199 987 2243 ipsius

246 2250 406 2293 prioratus
431 2250 479 2283 vel
501 2250 698 2292 baiulivatus,
721 2252 790 2296 ipso
809 2253 900 2292 sacto,
917 2252 986 2285 abs-

247 2313 308 2347 que
329 2303 390 2336 alia
416 2304 638 2345 declaratione,
663 2305 759 2345 unita,
788 2305 988 2348 incorporata

248 2361 279 2389 et
294 2357 489 2390 consolidata
514 2358 708 2401 intelligatur
729 2369 800 2391 cum
818 2358 909 2391 titulo
928 2358 987 2390 iam

249 2419 337 2443 cesso
355 2410 385 2443 in
403 2412 538 2454 persona
557 2411 654 2454 ipsius
673 2411 854 2445 cessionarii
877 2411 924 2444 vel
944 2421 990 2444 re-

249 2463 420 2506 signatarii,
442 2475 500 2508 per
517 2464 605 2497 cuius
623 2470 742 2498 tantum
764 2470 911 2505 mortem,
928 2475 989 2498 non

250 2522 355 2550 autem
371 2528 427 2562 per
445 2522 579 2552 mortem
598 2518 736 2551 cedentis
760 2518 807 2550 vel
834 2517 992 2561 resignan-

288 2598 298 2623 1
323 2597 418 2633 Aptius
433 2598 491 2633 lege
507 2599 692 2633 reperientur
708 2599 743 2633 [a.
759 2598 807 2631 T.).

287 2642 302 2669 2
322 2642 393 2669 Male
409 2643 473 2670 edit.
491 2643 569 2671 Main.
588 2644 651 2679 tegit
668 2652 814 2679 expressos
830 2644 866 2679 (n.
885 2644 932 2678 T.).

287 2687 302 2713 3
319 2687 410 2715 Potius
426 2689 570 2724 legendum
588 2689 692 2717 videtur
708 2690 744 2715 wI
759 2697 844 2724 quam
859 2690 956 2718 (1(.Τ.).

1010 323 1047 355 tis
1066 333 1101 355 ac
1123 322 1321 355 reservatarii
1343 322 1443 356 dictae
1461 321 1749 363 administrationis,

1009 376 1167 420 praefatus
1192 375 1299 409 titulus
1325 377 1447 410 vacabit
1471 381 1501 410 et
1529 387 1654 410 vacasse
1680 386 1752 409 cen-

1010 429 1139 462 sebitur.
1166 428 1203 461 Et
1226 429 1349 472 quoties
1374 434 1443 464 ante
1464 430 1643 463 huiusmodi
1666 430 1753 462 unio-

1010 493 1082 515 nem
1107 487 1136 514 et
1169 481 1469 523 consolidationem,
1494 483 1615 516 vivente
1650 482 1753 515 adhuc

1010 536 1219 569 reservatario
1244 535 1401 568 dictorum
1427 536 1706 569 administrationis
1724 541 1754 569 et

1011 590 1181 632 fructuum,
1203 589 1285 623 idem
1310 590 1417 624 titulus
1438 600 1496 633 per
1515 590 1635 622 obitum
1656 590 1754 634 ipsius

1012 644 1209 687 resignatarii
1229 655 1282 677 seu
1301 644 1482 678 cessionarii
1500 645 1546 677 vel
1565 645 1676 688 quovis
1694 644 1754 677 alio

1012 697 1106 731 modo
1131 698 1302 739 vacaverit,
1327 698 1414 730 nulla
1439 698 1560 731 ratione
1586 699 1676 731 liceat
1698 698 1756 730 sra-

1011 751 1112 783 tribus
1129 751 1254 794 linguae
1273 751 1320 783 vel
1338 751 1507 794 prioratus,
1530 751 1566 783 ad
1588 761 1681 794 quem
1699 761 1755 784 seu

1012 814 1105 847 quam
1131 804 1295 848 spectabit,
1315 803 1353 836 ad
1371 804 1451 837 tituli
1472 804 1652 837 huiusmodi
1672 815 1754 836 smu-

1013 857 1154 890 titionem
1174 857 1349 901 procedere
1375 857 1433 890 nisi
1452 857 1580 900 praevio
1605 868 1754 901 expresso

1013 921 1167 945 consensu
1181 911 1310 944 baiulivi
1325 911 1540 944 conventualis
1554 911 1664 954 capitis
1679 912 1756 943 eius-

1013 965 1083 998 dem
1116 965 1243 1008 linguae
1268 964 1306 997 de
1331 965 1420 998 cuius
1450 965 1600 998 interesse
1625 969 1754 1007 agetur,

1012 1029 1048 1052 ae
1073 1018 1167 1051 etiam
1198 1020 1328 1062 praevio
1362 1019 1489 1052 decreto
1523 1018 1756 1062 praedictorum

1014 1073 1118 1115 magni
1150 1072 1291 1115 magistri
1328 1077 1355 1105 et
1392 1072 1533 1112 consilii,
1565 1083 1622 1116 per
1654 1072 1757 1115 quod,

1014 1126 1276 1159 concurrentibus
1290 1131 1320 1159 et.
1341 1125 1605 1159 concordantibus
1622 1131 1758 1169 quatuor

1014 1179 1156 1223 partibus
1181 1189 1216 1211 ex
1242 1180 1380 1223 quinque
1398 1179 1622 1221 suffragiorum
1647 1189 1757 1212 eorum

1013 1233 1064 1276 qui
1087 1238 1160 1265 tunc
1185 1238 1279 1265 erunt
1302 1238 1484 1276 praesentes
1509 1237 1539 1264 et
1564 1233 1611 1264 ius
1637 1232 1758 1265 serendi

1014 1286 1156 1329 suffragii
1174 1286 1346 1327 habebunt,
1365 1286 1395 1318 in
1413 1286 1545 1319 consilio
1563 1286 1758 1318 declaratum

1015 1341 1108 1373 suerit
1121 1339 1269 1384 expedire
1286 1340 1324 1372 ad
1343 1340 1426 1372 illius
1444 1340 1524 1372 tituli
1543 1340 1758 1372 smutitionem

1015 1394 1171 1434 deveniri,
1199 1394 1338 1437 alioquin
1364 1394 1430 1437 ipse
1456 1394 1582 1431 titulus,
1610 1404 1672 1426 non
1702 1393 1759 1427 ob-

1015 1452 1114 1481 stante
1145 1457 1346 1491 quacumque
1378 1447 1461 1480 illius
1491 1447 1674 1480 smutitione
1712 1447 1757 1478 vel

1016 1501 1197 1546 provisione
1222 1501 1312 1534 aliter
1337 1501 1427 1541 sacta,
1453 1506 1617 1533 censeatur
1635 1511 1671 1533 eo
1692 1500 1760 1544 ipso

1015 1556 1134 1599 absque
1159 1555 1218 1587 alia
1239 1554 1450 1587 declaratione
1472 1554 1578 1587 unitus
1599 1559 1629 1586 et
1653 1564 1761 1587 conso-

1016 1609 1129 1641 lidatus
1155 1619 1226 1641 cum
1252 1608 1523 1641 administratione
1553 1611 1582 1641 et
1607 1607 1760 1641 fructibus

1017 1662 1047 1694 in
1073 1662 1212 1695 cessione
1237 1661 1426 1699 reservatis,
1452 1672 1509 1694 nec
1538 1661 1576 1693 ad
1602 1661 1685 1693 illius
1709 1661 1762 1693 ali<

1017 1725 1111 1758 quam
1136 1715 1228 1747 aliani
1246 1725 1359 1747 novam
1384 1714 1598 1747 smutitionem
1621 1715 1668 1747 vel
1689 1725 1760 1758 pro-

1017 1769 1169 1802 visionem
1193 1768 1321 1812 procedi
1347 1768 1447 1811 possit
1464 1768 1580 1811 absque
1604 1770 1687 1801 nova
1714 1778 1760 1800 re-

1017 1822 1217 1855 nunciatione
1241 1833 1297 1855 seu
1321 1821 1461 1855 cessione
1486 1822 1572 1854 iuxta
1604 1822 1738 1854 sormam
1753 1848 1760 1861 ,

1018 1882 1051 1908 ut
1074 1886 1169 1919 supra
1190 1886 1206 1907 a
1231 1875 1322 1908 nobis
1345 1875 1582 1918 praescriptam,
1608 1874 1759 1908 facienda.

1062 1930 1076 1973 ξ
1096 1929 1125 1962 3.
1152 1930 1361 1962 Decernentcs
1382 1928 1506 1961 easdem
1527 1933 1708 1973 praesentes
1733 1932 1763 1962 et

1019 2037 1102 2081 quod
1129 2037 1322 2081 quicumque
1348 2037 1378 2069 in
1402 2037 1585 2080 praemissis
1610 2037 1762 2069 interesse

1020 2091 1180 2131 babentes,
1198 2101 1252 2123 seu
1278 2090 1395 2122 habere
1419 2090 1659 2133 quomodolibet
1676 2100 1763 2134 prae-

1021 2145 1192 2185 tendentes,
1218 2144 1311 2177 etiam
1336 2144 1465 2187 speciali
1489 2146 1565 2177 nota
1586 2149 1615 2176 et
1640 2154 1764 2188 expres-

1020 2198 1108 2231 sione
1132 2197 1241 2240 digni,
1267 2197 1328 2230 illis
1352 2207 1415 2230 non
1440 2197 1657 2230 consenseriut
1672 2225 1680 2238 ,
1705 2207 1763 2229 nec

1021 2251 1059 2283 ad
1085 2252 1136 2283 illa
1161 2251 1271 2291 vocati,
1297 2250 1381 2283 citati
1406 2256 1436 2283 ct
1461 2250 1579 2292 auditi,
1606 2261 1661 2283 seu
1689 2261 1763 2283 cau-

1022 2314 1083 2344 sae,
1108 2309 1239 2347 propter
1263 2314 1339 2347 quas
1366 2303 1451 2346 ipsae
1475 2308 1654 2347 praesentes
1679 2313 1764 2336 ema-

1022 2362 1146 2399 narunt,
1172 2357 1364 2390 sufficienter
1389 2357 1558 2399 adductae⁷
1585 2357 1764 2390 verificatac

1023 2417 1052 2443 et
1077 2411 1260 2446 iustificatae
1284 2411 1421 2450 suerint,
1443 2416 1496 2443 aut
1519 2421 1555 2443 ex
1581 2411 1640 2443 alia
1666 2421 1764 2453 quan-

1025 2465 1138 2497 tumvis
1164 2464 1296 2497 iuridica
1320 2470 1350 2497 ct
1374 2464 1572 2508 privilegiata
1591 2466 1695 2502 causa,
1714 2475 1765 2497 co-

1025 2519 1102 2559 lore,
1128 2523 1291 2561 praetextu
1317 2523 1346 2550 et
1371 2517 1492 2561 capite,
1518 2517 1610 2550 etiam
1637 2517 1668 2549 in
1697 2528 1767 2550 ror-

1026 2582 1104 2616 porc
1129 2571 1206 2603 iuris
1231 2571 1347 2611 clauso,
1363 2571 1449 2604 nullo
1467 2581 1604 2615 unquam
1623 2576 1765 2615 tempore

1026 2626 1064 2659 de
1089 2625 1300 2669 subreptionis
1325 2625 1372 2658 vel
1398 2625 1593 2669 obreptionis
1618 2631 1671 2658 aut
1701 2626 1767 2658 nul-

1028 2680 1121 2713 litatis
1146 2680 1231 2720 vitio,
1256 2690 1312 2713 seu
1336 2679 1518 2713 intentionis
1543 2686 1667 2713 nostrae
1683 2707 1690 2719 ,
1715 2685 1765 2712 aut

1657 264 1721 298 363
1769 273 1817 299 An.
1839 272 1867 299 c⁴
1885 273 1952 302 1658

1806 1940 1915 1959 tior-retum
1933 1945 1959 1959 it*-

1791 1966 1801 1977 'r

1019 1983 1050 2016 in
1074 1984 1119 2016 eis
1137 1988 1282 2016 contenta
1307 1992 1535 2026 quaecumque,
1557 1983 1650 2016 etiam
1671 1993 1707 2015 ex
1725 1993 1762 2015 eo
1779 1973 1794 1986 '¹
