2263 3215
305 233 353 260 An.
375 232 402 260 c.
427 232 492 260 ¹655
537 223 556 256 8

334 2195 474 2221 Suppli-:alio-

501 280 736 324 cipiendorum,
762 277 798 311 ad
823 277 974 310 rationem
1007 274 1230 319 quinquaginta

501 333 632 366 millium
657 331 793 375 quolibet
813 339 903 369 anno,
922 339 980 372 pro
1005 328 1184 360 defensione
1202 332 1231 359 et
1247 344 1248 347 κ

500 385 730 419 manutentionc
754 383 825 415 dicti
848 382 952 424 regni3
967 381 1026 413 alia
1042 385 1128 412 scuta
1145 378 1249 422 qum-5

500 438 645 482 quaginta
677 436 771 468 millia
803 435 882 467 infra
914 433 1107 476 praedictum
1136 431 1231 464 trien-

500 492 584 523 nium
609 488 755 522 solrcndu
780 498 837 531 pro
863 485 1037 519 muniendis
1055 484 1249 528 civitatibus¹

499 548 527 575 et
553 541 642 574 terris
667 541 738 573 dicti
764 539 868 582 regni;
890 538 948 570 alia
966 537 1073 580 viginti
1099 531 1249 579 quatuor*

500 595 595 627 millia
619 598 704 627 scula
728 604 785 637 pro
802 591 1033 625 construetione
1054 595 1083 622 et
1107 586 1249 632 repara-i

500 648 581 680 tione
606 647 746 690 pontium
763 644 900 677 eiusdem
921 642 1009 686 regni
1024 641 1169 674 solvenda
1186 641 1232 673 in-

499 702 544 733 fra
569 701 650 733 idem
680 699 868 737 triennium3
898 697 957 729 alia
992 695 1101 738 viginti
1134 687 1249 726 millia*

499 759 584 787 scuta
608 753 646 785 de
670 752 833 785 duodecim
865 749 980 782 tarenis
1010 759 1068 792 pro
1091 747 1231 791 quolibet

500 812 586 840 scuto
604 807 682 839 infra
699 805 865 838 triennium
883 802 1029 836 solvenda
1044 812 1102 845 pro
1114 805 1231 834 restau-

500 860 619 893 ratione
643 859 829 903 palatiorum
863 857 1023 899 regiorum
1052 854 1230 899 praedictae

501 913 633 951 insulae,
658 912 716 944 alia
740 911 847 943 decem
872 909 969 942 millia
993 913 1080 941 scuta
1103 917 1161 951 pro
1181 917 1229 940 re-

500 965 687 998 stauratione
703 967 732 997 et
748 962 888 995 custodia
913 961 1046 995 turrium
1070 960 1102 993 in
1119 959 1228 993 eodem

500 1017 602 1049 liltore
635 1016 729 1048 maris
765 1014 978 1054 existentium3
1011 1018 1041 1046 et
1070 1013 1147 1046 alios
1182 1012 1229 1045 bis

500 1070 583 1103 mille
608 1069 792 1112 quingentos
812 1068 939 1100 ducatos
960 1070 1102 1099 monetae
1123 1065 1230 1109 Hispa-

499 1123 621 1155 niarum
646 1121 803 1154 annuatim
829 1120 910 1153 dicto
929 1119 1072 1159 triennio,
1090 1124 1120 1151 et
1138 1118 1229 1151 sicin

500 1181 598 1209 totum
623 1180 743 1218 septem
768 1174 851 1206 mille
876 1178 905 1206 et
928 1172 1115 1216 quingentos
1139 1170 1230 1203 duca-

500 1236 546 1263 tos
571 1233 712 1262 monetae
730 1227 919 1267 huiusmodi,
937 1237 995 1270 pro
1016 1225 1172 1259 solvendis
1189 1226 1230 1258 as-

500 1283 622 1316 tietibus
641 1282 804 1315 domorum
817 1308 824 1321 ,
842 1292 917 1324 quas
935 1280 966 1312 in
983 1279 1099 1323 oppido
1115 1279 1228 1312 Matriti

500 1337 670 1370 inhabitant
690 1335 822 1369 ministri
839 1334 962 1368 Consilii
980 1333 1094 1374 Italiae;
1107 1344 1230 1366 necnon

501 1391 638 1434 quinque
663 1390 759 1423 millia
792 1389 982 1422 florenorum
1013 1392 1156 1421 monetae
1184 1387 1230 1420 Si-

500 1445 586 1477 culae
611 1455 668 1488 pro
692 1446 753 1476 una
785 1443 871 1483 vice,
896 1441 1019 1486 quando
1054 1442 1229 1474 celebratur

499 1498 725 1541 parlamentum
750 1497 902 1540 generale,
928 1507 985 1539 pro
1009 1494 1151 1539 expensis
1168 1494 1226 1527 ali-

500 1561 634 1593 quorum
659 1550 874 1582 ministrorum
899 1549 951 1592 qui
972 1549 1118 1581 assistunt
1134 1551 1163 1582 et
1179 1558 1230 1580 na-

502 1608 572 1635 vant
596 1613 721 1646 operam
739 1603 770 1635 in
787 1602 956 1635 directione
976 1607 1006 1634 et
1026 1600 1230 1644 dispositione

500 1655 636 1688 eiusdem
654 1656 848 1699 parlamenti,
866 1655 1024 1698 solvenda)
1039 1654 1230 1687 venerabiles

499 1719 623 1753 quoque
658 1709 770 1741 fratres
805 1708 1053 1752 archiepiscopi,
1090 1707 1229 1751 episcopi

499 1773 534 1795 ac
558 1767 630 1796 tunc
665 1761 798 1794 existens
833 1761 1076 1793 archimandrita
1100 1766 1129 1793 et
1152 1760 1230 1793 aliae

500 1815 724 1856 ecclesiasticae
749 1824 901 1858 personae
919 1814 991 1846 dicti
1008 1813 1097 1856 regni
1114 1817 1229 1847 certam

500 1874 619 1909 ratam,
643 1879 705 1902 non
729 1869 926 1901 excedentem
958 1872 1076 1900 sextam
1108 1872 1229 1911 partem

501 1921 731 1961 solvendorum,
752 1926 785 1953 ut
809 1921 1027 1964 praemittitur,
1042 1926 1151 1964 sponte
1175 1922 1231 1954 sua

502 1976 532 2008 in
557 1975 672 2007 eisdem
698 1975 849 2014 comitiis,
877 1974 1041 2008 accedente
1065 1980 1170 2007 tamen
1193 1975 1231 2007 ad

503 2029 562 2062 hoc
586 2033 692 2061 nostro
716 2034 745 2060 et
765 2028 850 2061 Sedis
866 2028 1061 2071 Apostolicac
1085 2027 1231 2072 benepla-

503 2081 573 2124 cito,
587 2082 763 2125 persolvere
780 2081 966 2123 obtulerunt,
979 2086 1011 2114 et
1021 2082 1125 2114 forsan
1138 2082 1230 2114 ctiam

504 2135 728 2178 persolverunt

547 2188 562 2229 g
586 2186 614 2219 Ξ).
640 2188 713 2219 Cum
739 2191 852 2227 autem,
873 2187 952 2220 sicut
976 2187 1082 2220 eadem
1109 2188 1231 2232 exposi-

504 2240 545 2273 tio
570 2240 799 2281 subiungebat,
824 2250 858 2272 ex
883 2251 918 2273 eo
943 2241 1124 2283 praesertim
1148 2242 1231 2285 quod

504 2303 560 2336 per
584 2293 789 2324 Latet-anense
814 2292 977 2325 consilium
1002 2293 1169 2326 novissime
1186 2305 1232 2327 ce-

505 2346 657 2378 lebratum
675 2345 874 2389 diversasque
895 2347 968 2379 alias
986 2348 1148 2380 canonicas
1167 2358 1232 2381 san-

504 2398 619 2431 ctiones
643 2399 700 2431 sub
725 2398 817 2431 certis
842 2400 980 2432 censuris
1000 2405 1029 2433 ct
1048 2401 1156 2443 poenis
1181 2412 1231 2435 ca-

505 2456 610 2484 veatur
634 2461 799 2494 expresse,
828 2463 866 2485 ne
891 2463 997 2495 reges,
1021 2454 1178 2498 principes
1203 2461 1232 2488 ct

505 2504 556 2536 alii
580 2509 754 2547 potentatus
779 2505 816 2537 ab
840 2506 1092 2550 archiepiscopis,
1113 2508 1231 2550 episeo-

505 2557 573 2600 pis,
594 2557 757 2590 abbatibus
781 2562 810 2590 et
834 2558 899 2591 aliis
924 2559 1064 2602 personis
1089 2561 1232 2594 ecclcsia-

505 2610 589 2643 sticis
612 2610 703 2645 etiam
735 2616 844 2655 sponte
873 2612 1074 2648 offerentibus
1099 2614 1232 2659 aliquam

1079 227 1255 252 BULLAmUM
1280 225 1433 249 ROMANUM

1263 273 1467 317 pecuniarum
1493 280 1647 304 summam
1676 271 1741 304 sive
1764 270 2003 304 subventionem

1265 325 1437 368 recipiant,
1465 322 1564 356 dictus
1590 322 1751 366 Philippus
1782 333 1837 356 rex
1869 333 1904 357 ac
1937 322 2004 356 eius

1265 379 1352 420 regni
1371 377 1454 410 illius
1472 376 1606 409 ministri
1624 376 1783 416 dubitent,
1800 381 1899 409 ratam
1917 387 2003 420 prae-

1265 431 1378 464 dictam
1399 435 1469 463 ante
1490 429 1652 462 obtentum
1677 429 1907 472 beneplacitum
1932 439 2003 472 apo-

1265 484 1407 517 stolicum
1433 483 1636 526 recipiendo,
1665 492 1813 515 censuras
1837 488 1867 515 et
1885 493 2001 526 poenas

1265 535 1446 569 huiusmodi
1463 535 1635 576 incurrere,
1649 541 1679 568 et
1696 536 1800 568 forsan
1817 535 2000 568 incurrisse:

1264 589 1356 622 nobis
1379 594 1546 632 propterea
1563 589 1663 622 dictus
1680 588 1841 632 Philippus
1863 598 1918 621 rex
1942 588 2000 621 hu-

1266 641 1381 674 militer
1398 641 1568 685 supplicari
1592 641 1673 683 fecit,
1692 651 1750 685 pro
1775 641 1830 673 sua
1855 645 1885 673 et
1907 640 2001 674 dicto-

1265 705 1335 727 rum
1353 694 1570 727 ministrorum
1583 705 1619 728 ac
1633 694 1778 738 proregis
1790 693 2000 737 praefatorum

1265 747 1473 781 conscientiae
1496 748 1599 792 quiete
1613 774 1620 788 ‚
1645 751 1797 791 quatenus
1819 746 2000 790 praemissis

1264 805 1404 833 nostram
1420 805 1451 833 et
1466 800 1560 833 huius
1583 806 1708 833 sanctae
1725 799 1811 833 Sedis
1832 799 2000 833 auctorita-

1264 859 1326 886 tem
1350 853 1551 897 interponere
1575 853 1788 896 dignaremur.

1307 906 1322 949 ἓ
1346 905 1375 939 3.
1405 906 1468 939 Nos
1491 906 1609 949 igitur,
1634 907 1848 940 Romanorum
1872 905 2198 972 Pontifi-fflffimffltssg.

2014 971 2115 997 quutione
2134 971 2198 994 iuter-

2013 999 2073 1024 pumt
2085 998 2188 1021 Pontifex.

1264 969 1336 991 cum
1360 958 1636 1002 praedecessorum
1654 964 1837 992 nostrorum
1861 963 1891 991 et
1913 968 2000 1002 prae-

1263 1011 1371 1045 sertim
1394 1011 1493 1045 felicis
1516 1012 1743 1045 recordationis
1760 1010 1905 1054 Gregorii
1921 1011 1998 1053 XIII,

1263 1064 1338 1097 Sixti
1366 1065 1411 1106 V,
1443 1065 1587 1108 Gregorii
1612 1065 1696 1106 XIV,
1721 1064 1887 1098 Clementis
1911 1063 1997 1105 VIII,

1264 1117 1350 1150 Pauli
1383 1117 1475 1151 etiam
1501 1119 1523 1151 V
1538 1145 1545 1159 ,
1570 1117 1713 1161 Gregorii
1737 1118 1823 1158 XIV,
1851 1117 1996 1151 Clemen-

1264 1170 1301 1204 tis
1326 1170 1400 1213 VIII,
1426 1171 1512 1203 Pauli
1537 1171 1629 1204 etiam
1649 1171 1682 1212 V,
1703 1170 1847 1213 Gregorii
1867 1170 1928 1211 XV,
1945 1170 1999 1204 Ur-

1263 1223 1334 1256 bani
1355 1224 1448 1258 etiam
1473 1224 1538 1257 VIII
1563 1229 1593 1257 et
1616 1223 1788 1257 Innocentii
1811 1224 1836 1256 X
1861 1223 1998 1266 vestigiis

1263 1278 1295 1310 in
1314 1278 1373 1310 hac
1398 1289 1431 1311 re
1455 1278 1663 1318 inhaerentes,
1680 1277 1859 1310 huiusmodi
1883 1277 1999 1321 suppli-

1263 1331 1437 1365 cationibus
1461 1332 1609 1373 inclinati,
1641 1331 1827 1364 fraternitati
1847 1336 1918 1364 tuae
1942 1343 1999 1376 per

1263 1390 1442 1429 praesentes
1477 1385 1703 1418 committimus
1734 1390 1765 1418 et
1794 1385 1998 1427 mandamus,

1263 1444 1306 1480 ut,
1325 1439 1458 1473 constito
1478 1439 1532 1472 tibi
1551 1450 1608 1483 per
1627 1439 1783 1482 legitimas
1799 1440 2000 1483 probationes

1263 1493 1301 1526 de
1325 1503 1473 1537 expresso
1497 1493 1626 1526 maioris
1649 1493 1746 1536 partis
1774 1493 1851 1526 cleri
1874 1503 1929 1526 seu
1953 1503 2001 1526 ar-

1264 1546 1550 1590 chiepiscoporum,
1571 1546 1794 1590 episcoporum
1818 1550 1848 1579 et
1867 1546 2000 1579 aliarum

1264 1600 1544 1633 ecclesiasticarum
1575 1610 1782 1643 personarum
1810 1599 1999 1633 secularium

1264 1658 1294 1685 et
1319 1653 1455 1686 cuiusvis
1480 1653 1598 1686 ordinis
1626 1652 1820 1695 regularium
1848 1652 1922 1685 dicti
1949 1662 1999 1685 re-

1264 1706 1317 1749 gni
1337 1716 1500 1747 consensu,
1520 1711 1550 1739 et
1566 1706 1650 1749 quod
1667 1705 1779 1749 reliqui
1797 1706 1844 1738 vel
1861 1706 2000 1749 reliquae

1264 1770 1416 1803 personae
1440 1770 1503 1792 non
1527 1758 1755 1792 consentientes
1778 1758 1880 1792 vocati
1901 1763 1931 1792 et
1950 1769 2001 1792 vo-

1265 1818 1350 1846 catae
1375 1813 1506 1855 fuerint,
1531 1812 1682 1846 oblationi
1718 1817 1747 1845 et
1777 1811 1998 1855 promissioni,

1264 1876 1386 1900 necnon
1403 1865 1560 1906 solutioni,
1577 1876 1635 1909 per
1655 1865 1920 1909 archiepiscopos,
1937 1866 2000 1910 epi-

1265 1929 1377 1963 scopos
1401 1925 1430 1952 et
1451 1918 1727 1952 archimandritam
1749 1924 1779 1952 et
1802 1918 1877 1951 alias
1893 1919 2000 1962 perso-

1264 1983 1320 2005 nas
1337 1972 1560 2006 ecclesiaslicas
1576 1972 1674 2014 sactis,
1691 1982 1748 2016 pro
1772 1972 1831 2005 hac
1854 1972 1922 2005 viee
1938 1977 2002 2005 tan-

1266 2031 1342 2066 tum,
1362 2030 1502 2058 nostram
1531 2030 1562 2058 et
1585 2025 1672 2058 Sedis
1697 2024 1875 2068 praedictae
1898 2029 2002 2058 aueto-

1265 2080 1387 2114 ritatem
1419 2080 1527 2122 vigore
1556 2079 1770 2123 praesentium
1797 2079 2000 2123 interponas,

1266 2133 1410 2177 ipsosque
1423 2133 1686 2176 archiepiscopos,
1705 2132 1868 2176 episcopos
1881 2137 1912 2165 et
1927 2132 2001 2165 alias

1265 2196 1414 2231 personas
1438 2185 1630 2227 huiusmodi,
1651 2185 1771 2219 etiamsi
1789 2185 1849 2218 sint
1872 2184 1910 2218 de
1929 2185 2000 2226 illis,

1265 2251 1344 2285 quae
1368 2250 1425 2284 pro
1449 2239 1563 2273 minori
1598 2239 1673 2272 cleri
1708 2244 1795 2282 parte
1818 2238 2000 2282 praemissis

1265 2304 1328 2327 non
1341 2293 1566 2333 consenserint,
1579 2292 1617 2325 ad
1631 2302 1666 2325 ea
1680 2297 1783 2324 tamen
1797 2291 1896 2325 vocati
1909 2296 1939 2324 et
1951 2301 2002 2324 vo-

1265 2352 1351 2380 catae
1366 2345 1507 2386 suerint¹,
1529 2346 1567 2379 ad
1581 2346 1770 2379 solutionem
1786 2355 1895 2378 eorum
1916 2349 2001 2378 ratae

1265 2400 1453 2445 opportunis
1481 2400 1558 2432 iuris
1583 2404 1612 2432 et
1636 2399 1707 2432 sacti
1736 2398 1882 2432 remediis
1907 2408 2001 2441 cogas

1266 2459 1296 2487 et
1320 2454 1503 2497 compellas3
1526 2458 1556 2486 et
1575 2452 1780 2486 nihilominus
1796 2451 2002 2495 archiepisco-

1265 2507 1323 2551 pis,
1348 2506 1505 2551 episcopis
1529 2510 1558 2540 et
1581 2504 1853 2548 archimandritae,
1871 2503 2001 2548 aliisque

1302 2624 1314 2650 1
1332 2621 1403 2650 Edit.
1418 2621 1497 2651 Main.
1513 2621 1578 2658 legit
1591 2621 1678 2658 fuerit
1693 2621 1728 2658 (n.
1744 2620 1793 2657 12).

2014 222 2067 250 An.
2082 221 2112 250 C.
2132 221 2202 251 ¹655
