2243 3205
35 210 81 238 An.
102 209 130 235 C.
153 208 220 235 1660

227 255 387 298 gabellieri
422 255 510 288 siano
543 254 696 296 avvertiti,
731 264 746 287 e
771 254 961 298 particolar-

223 312 326 343 mente
350 308 431 342 nelle
456 313 581 341 monete
605 308 636 341 di
660 308 730 351 lega
762 307 799 341 ed
824 308 902 341 altre
921 312 964 342 to-

221 361 330 402 lerate,
347 361 404 394 che
420 371 484 394 non
501 361 589 394 siano
606 360 752 401 alterate,
773 371 789 394 e
810 361 964 394 ritrovan-

224 414 292 447 dosi
304 415 368 458 tali,
379 425 417 447 ne
433 414 525 448 diano
539 414 641 448 subito
655 414 770 447 notizia
781 415 811 447 in
824 415 965 448 Torrone

223 467 341 511 perche
355 467 380 500 si
394 467 521 511 possino
533 467 597 500 fare
614 467 642 500 le
659 467 813 510 diligenze
826 477 965 500 necessa-

224 521 279 563 rie,
297 525 378 555 sotto
395 531 475 564 pena
493 520 573 553 della
590 520 712 564 perdita
729 520 811 553 della
828 525 964 562 moneta,

223 573 252 606 di
271 573 359 607 scudi
374 573 537 614 duecento,
552 573 590 606 ed
608 574 685 606 altre
695 574 794 607 etiam
808 574 964 618 corporali

223 626 408 667 arbitrarie,
433 626 527 659 eliam
554 626 635 659 della
664 627 779 670 galera.
801 627 824 659 E
849 627 965 670 perche

223 680 310 713 siano
325 679 440 723 meglio
455 685 613 713 osservate
627 679 665 712 ed
683 680 832 713 avvertite
848 680 877 713 le
894 690 966 713 cose

224 733 377 776 suddette,
402 733 493 766 vuole
517 733 709 766 l'Eminenza
726 733 797 773 Sua,
818 733 876 766 che
892 733 966 776 ogni

224 786 414 827 banchiero,
439 792 617 826 mercante,
643 786 796 830 spezia1e‚
821 786 965 828 beccaro,

224 840 371 880 sornaro,
396 839 555 872 lardarolo
586 839 623 872 ed
648 844 714 872 oste
739 845 832 883 tenga
856 844 966 883 questo

224 893 328 926 bando
363 893 468 926 affisso
498 893 546 925 ne'
560 893 629 926 loro
660 892 772 925 banchi
799 903 815 925 e
841 892 966 935 bottega

224 950 306 980 sotto
330 956 410 990 pena
434 945 464 978 di
489 945 575 979 scudi
597 945 774 989 cinquanta.

270 999 284 1042 ἓ
307 998 336 1032 3.
362 999 395 1031 13
421 999 500 1032 oltre
533 998 689 1042 proibisce
713 999 774 1032 Sua
800 999 968 1031 Eminenza

225 1053 253 1085 at
272 1053 436 1086 zecch‘iero
453 1056 610 1097 presente,
628 1063 643 1085 e
657 1052 715 1086 che
729 1053 798 1085 sara
813 1063 873 1096 pro
892 1057 968 1085 tem-

222 1116 300 1150 pore
317 1106 348 1138 in
373 1111 482 1150 questa
501 1105 584 1147 01113,
605 1105 625 1138 11
650 1111 741 1149 poter
765 1105 796 1138 in
821 1105 968 1138 avvenire

225 1159 347 1193 battere
364 1159 442 1191 altra
463 1164 587 1191 moneta
611 1158 776 1201 d‘argento
793 1158 851 1191 che
870 1158 899 1190 la
919 1168 969 1190 30-

226 1212 380 1256 pradetta,
397 1211 465 1245 cioe
482 1211 580 1245 scudo
598 1211 636 1244 da
654 1211 765 1255 cinque
785 1211 853 1251 lire,
874 1214 967 1244 testo-

226 1265 257 1298 ni
282 1265 321 1297 da
343 1275 405 1298 una
421 1265 480 1298 lira
499 1275 514 1297 e
533 1275 647 1305 mena,
665 1265 724 1297 lira
746 1264 784 1297 da
800 1264 861 1297 due
881 1264 969 1307 giuli,

227 1328 332 1351 mezza
348 1318 408 1350 lira
428 1317 466 1350 da
483 1328 525 1350 un
543 1317 651 1360 giulio,
669 1322 781 1361 quarto
805 1317 835 1350 di
856 1317 914 1349 lira
931 1317 970 1349 da

227 1382 270 1405 un
287 1382 408 1415 grosso,
425 1376 529 1405 ottavo
547 1371 578 1403 di
594 1371 653 1403 lira
669 1371 707 1403 da
725 1381 831 1404 mezzo
848 1381 970 1414 grosso,

228 1425 352 1458 decimo
376 1425 406 1457 di
431 1425 490 1457 lira
521 1424 551 1457 di
581 1424 642 1457 due
666 1424 846 1467 bolognini,
871 1424 900 1456 di
926 1424 969 1457 sei

228 1478 378 1522 quattrini
403 1478 423 1510 l'
437 1488 510 1518 uno,
535 1488 551 1510 e
576 1483 653 1510 tutte
678 1478 707 1511 le
732 1477 875 1512 suddette
897 1488 967 1510 mo-

229 1537 300 1564 nete
324 1532 485 1564 dovranno
507 1541 610 1564 essere
629 1530 763 1564 essettive
780 1530 829 1564 del
856 1531 970 1573 valore,

230 1585 324 1619 bonta
349 1596 365 1618 e
389 1585 506 1629 qualita
531 1595 624 1629 sopra
649 1595 813 1628 espresse;
839 1584 972 1617 volendo

231 1639 289 1672 che
314 1639 356 1682 gli
383 1638 485 1672 ordini
512 1649 528 1671 e
553 1638 726 1682 provisioni
758 1637 892 1672 suddetti
916 1637 971 1670 ab·

230 1691 325 1726 biano
350 1692 445 1735 luogo
470 1702 486 1724 e
511 1692 598 1724 siano
616 1691 853 1736 puntualmente
870 1701 971 1724 osser-

231 1746 314 1788 vati,
339 1756 417 1779 anco
440 1745 609 1788 ne’luoghi
635 1745 775 1778 baronali
801 1755 817 1778 e
843 1744 972 1785 feudali,

232 1804 314 1833 sotto
337 1800 366 1833 le
390 1810 471 1844 pene
496 1799 527 1832 in
552 1799 612 1832 essi
637 1809 788 1843 espresse.

276 1853 292 1896 ξ
316 1852 345 1886 4.
370 1853 394 1886 Ε
418 1852 536 1897 perche
560 1853 588 1885 le
614 1858 738 1886 monete
762 1851 927 1885 forestiere
943 1851 973 1884 di

233 1912 365 1949 argento
382 1906 575 1950 potrebbero
596 1906 763 1949 cagionare
788 1904 975 1938 alterazione

233 1958 264 1991 di
289 1959 392 2003 prezzi
417 1958 573 1992 differenti
598 1959 680 1991 dalla
705 1959 898 1991 valutazione
929 1969 976 1991 ro-

235 2023 336 2053 mana,
362 2013 509 2046 statuisce
533 2012 737 2045 l'Eminenza
772 2012 833 2045 Sua
866 2011 923 2044 che
948 2011 976 2044 le

234 2065 318 2100 dette
343 2070 468 2100 monete
500 2076 562 2099 non
587 2076 722 2110 possano
748 2065 910 2109 spendersi
937 2063 976 2096 ne

235 2119 383 2152 valutarsi
402 2130 434 2152 se
448 2129 511 2152 non
536 2119 673 2152 secondo
697 2119 726 2151 13
749 2118 853 2151 1311113
881 2118 938 2151 0110
952 2117 977 2150 31

235 2172 311 2206 dara
336 2173 418 2206 fuori
448 2172 496 2206 col
522 2172 631 2215 saggio
649 2182 665 2205 e
685 2182 760 2215 peso
784 2171 814 2204 di
833 2171 978 2204 ciascuna

237 2226 267 2259 di
292 2236 371 2266 esse,
396 2236 412 2258 e
443 2225 579 2259 secondo
612 2225 631 2257 il
668 2225 737 2259 loro
762 2235 837 2258 vero
862 2225 978 2257 valore.

237 2278 434 2312 Avvertendo
460 2279 598 2321 ogn’uno
619 2289 636 2310 3
663 2288 725 2311 non
751 2277 978 2317 contravenire,

237 2331 354 2375 perche
379 2336 489 2364 contro
514 2331 534 2363 li
562 2331 786 2374 transgressori
812 2330 836 2362 si
862 2340 976 2373 proce-

238 2384 313 2418 dera
331 2395 387 2428 per
401 2384 606 2427 inquisizione
631 2394 669 2416 ex
693 2383 798 2426 officio
823 2393 840 2415 a
865 2382 982 2415 denun—

240 2438 306 2478 zia,
332 2437 369 2469 ed
402 2437 432 2469 in
457 2437 618 2480 ogn'altro
651 2436 778 2478 111131101-
803 2435 896 2468 modo
921 2435 981 2467 alla

241 2496 326 2524 corte
344 2490 530 2523 savorevole.
553 2489 691 2522 Volendo
710 2489 767 2522 che
789 2488 808 2521 il
837 2493 981 2532 presente

240 2544 354 2586 bando,
371 2544 475 2577 allisso
493 2554 509 2575 e
534 2543 694 2587 publicato
711 2542 870 2585 ne’luoghi
889 2542 980 2584 soliti,

242 2599 266 2630 si
285 2598 375 2631 abbia
394 2609 450 2642 per
468 2597 711 2640 legitimamente
733 2607 748 2629 a
770 2596 982 2629 ciascheduno

817 205 1001 230 ALEXANDER
1025 205 1069 229 vn
1094 206 1141 230 Pr.

998 254 1249 297 personalmente
1283 254 1434 288 intimato.
1467 255 1500 287 In
1533 265 1668 298 quorum
1701 253 1738 286 fi-

998 306 1080 349 dem,
1102 312 1159 340 etc.

1043 360 1152 392 Datum
1164 360 1390 401 Bononiae,die
1408 371 1461 394 xm
1480 361 1738 404 augustiiincmx.

1042 412 1076 446 G.
1098 413 1256 446 cardinale
1274 413 1429 456 FARNESE,
1451 415 1563 457 legato.

1043 466 1238 500 FRANCisccs
1254 467 1390 501 lomnes
1408 467 1445 500 de
1463 467 1492 501 S.
1507 468 1538 500 P.
1553 467 1596 508 V„
1614 478 1650 500 ex
1670 468 1740 500 11131.

1043 520 1191 553 ANDREAS
1210 520 1422 561 GmsLAnnus,
1439 526 1628 564 assumptus.

1043 574 1180 607 FULvius
1198 573 1410 614 BENT1voLus,
1429 579 1617 617 assumptus.

1044 627 1180 660 IoANNEs
1202 627 1358 667 LL'PARUS,
1374 633 1563 670 assumptus.

1043 680 1166 714 CAESAR
1183 681 1393 721 BLANcuuvus,
1411 686 1601 724 assumptus.

1044 734 1165 767 ltlAnius
1183 734 1322 775 CASALIS,
1340 740 1527 778 assumptus.

1045 787 1059 830 g
1084 787 1113 819 5.
1140 787 1218 820 11130
1238 793 1284 820 031
1301 787 1385 831 quod
1405 797 1471 828 nos,
1494 787 1740 830 praemissorum

1001 840 1140 873 omnium
1173 846 1202 873 et
1232 841 1429 883 singulorum
1467 840 1599 873 firmiori
1633 840 1742 873 robori

1001 897 1030 927 et
1054 893 1224 926 inviolabili
1250 893 1468 926 observantiae
1493 893 1657 925 consulere
1683 904 1739 925 03-

1003 947 1132 990 pienteS,
1155 950 1241 980 motu
1261 947 1403 990 proprio,
1420 956 1456 979 30
1480 956 1516 978 ex
1538 947 1623 978 certa
1648 945 1744 978 30103-

1003 1000 1043 1033 113
1067 1005 1096 1032 01
1113 1001 1236 1032 matura
1254 999 1481 1032 deliberatione
1501 999 1626 1040 nostris,
1641 999 1743 1042 deque

1002 1053 1194 1097 apostolicae
1211 1053 1372 1097 potestatis
1388 1052 1592 1096 plenitudine,
1607 1052 1742 1085 edietum

1003 1107 1244 1150 praeinscrtum,
1262 1117 1332 1139 cum
1351 1107 1497 1140 omnibus
1515 1111 1545 1139 et
1562 1106 1693 1148 singulis
1713 1106 1743 1137 in

1003 1171 1040 1193 eo
1059 1161 1212 1193 contentis
1229 1159 1340 1193 etinde
1357 1160 1509 1203 sequufis,
1528 1165 1636 1192 tenore
1654 1169 1745 1202 prae-

1004 1214 1137 1246 sentium
1164 1214 1390 1246 confirmamus
1415 1218 1444 1245 et
1468 1212 1696 1256 approbamuS,
1714 1211 1746 1243 il-

1004 1267 1093 1310 laque
1127 1271 1192 1300 rata
1225 1270 1254 1300 et
1285 1272 1374 1309 grata
1405 1266 1575 1306 habemus,
1600 1276 1635 1297 ac
1659 1265 1746 1297 iussu

1004 1325 1112 1353 nostro
1126 1330 1288 1353 emanasse
1299 1320 1494 1352 declaramus
1512 1324 1746 1357 etattestamur‚

1004 1383 1126 1407 necnon
1147 1373 1207 1406 illis
1232 1373 1377 1406 omnibus
1393 1378 1423 1405 et
1440 1372 1571 1415 singulis
1589 1371 1748 1404 inviolabi-

1005 1426 1042 1459 lis
1063 1432 1093 1459 et
1118 1425 1345 1468 irrefragabilis
1374 1425 1563 1469 apostolicae
1591 1424 1747 1456 firmitatis

1006 1479 1103 1512 robur
1116 1485 1146 1512 et
1160 1479 1329 1512 efficaciam
1347 1478 1557 1521 adiungimus,
1576 1487 1748 1520 omnesque

1006 1536 1035 1566 et
1059 1533 1200 1575 singulos
1232 1532 1308 1565 iuris
1341 1537 1370 1564 et
1395 1532 1467 1565 faeti
1492 1542 1527 1564 ac
1560 1531 1744 1564 solemnita-

1006 1592 1072 1619 tum
1098 1596 1382 1629 quarumcumque,
1408 1589 1469 1619 tam
1495 1595 1530 1617 ex
1555 1584 1631 1617 iuris
1657 1595 1743 1617 com-

1007 1639 1111 1671 munis
1146 1644 1175 1671 01
1211 1638 1470 1672 constitutionum
1504 1637 1748 1681 apostolicarum

1007 1691 1214 1735 praescripto,
1232 1701 1324 1735 quam
1348 1691 1426 1723 alias
1450 1690 1749 1734 quomodocumque

1008 1750 1037 1777 et
1055 1745 1336 1788 qualitercumque,
1355 1744 1446 1776 etiam
1466 1743 1503 1776 de
1521 1744 1705 1777 necessitate
1719 1743 1749 1775 in

1008 1798 1164 1832 similibus
1189 1797 1468 1839 observandarum,
1494 1797 1610 1830 aliosve
1632 1797 1750 1840 quosli-

1009 1851 1069 1893 bet,
1095 1851 1308 1895 quamtumvis
1334 1861 1474 1893 magnos,
1492 1860 1527 1883 ac
1552 1850 1699 1883 formales
1721 1855 1751 1882 et

1010 1904 1247 1944 substantiales,
1272 1903 1495 1946 individuaque
1521 1904 1678 1936 mentione
1703 1902 1750 1935 di-

1011 1969 1099 2002 gnos,
1118 1958 1268 1998 defectus,
1282 1958 1305 1990 si
1323 1957 1376 2001 qui
1394 1958 1423 1990 in
1438 1958 1619 2001 praemissis
1637 1958 1683 1990 vel
1702 1967 1751 1990 eo-

1010 2023 1080 2045 rum
1107 2012 1212 2055 aliquo
1243 2011 1483 2054 quomodolibet
1517 2010 1751 2053 intervenerint,

1011 2070 1064 2098 aut
1089 2065 1293 2098 intervenisse
1317 2064 1388 2107 dici,
1413 2064 1552 2104 censeri,
1576 2063 1751 2107 praetendi,

1012 2118 1059 2151 vel
1085 2117 1217 2160 intelligi
1243 2123 1388 2161 possent,
1412 2117 1593 2161 plenissime
1618 2117 1749 2160 supple-

1014 2182 1082 2204 mus
1107 2176 1137 2203 et
1161 2181 1324 2211 sanamus,
1349 2181 1385 2204 ac
1416 2171 1541 2215 penitus
1571 2176 1600 2204 et
1624 2170 1752 2203 omnino

1015 2225 1153 2257 tollimus
1178 2229 1208 2257 et
1232 2224 1403 2257 abolemus.

1059 2278 1073 2321 g
1093 2277 1123 2310 6.
1141 2277 1349 2310 Decernentes
1366 2277 1490 2310 easdem
1508 2282 1687 2321 praesentes
1704 2276 1753 2308 lit-

1015 2335 1096 2363 teras
1120 2336 1149 2363 et
1175 2331 1204 2363 13
1232 2331 1276 2363 eis
1301 2334 1446 2364 contenta
1470 2336 1497 2362 et
1525 2330 1640 2362 inserta
1664 2340 1755 2373 quae-

1016 2394 1150 2427 cumque
1175 2384 1215 2416 ab
1241 2383 1388 2416 omnibus
1407 2389 1438 2416 et
1463 2383 1604 2426 singulis,
1622 2382 1659 2415 ad
1677 2393 1755 2426 quos

1016 2448 1098 2470 nunc
1118 2448 1245 2481 quoquo
1262 2437 1356 2470 modo
1374 2441 1493 2480 spectat
1510 2442 1539 2469 et
1557 2436 1708 2480 spectabit
1725 2436 1755 2468 in

1015 2490 1167 2531 futurum,
1187 2489 1412 2533 cuiuscumque
1438 2493 1545 2529 status,
1565 2489 1691 2531 gradus,
1709 2500 1756 2522 or-

1016 2542 1106 2582 dinis,
1123 2542 1282 2585 dignitatis
1299 2547 1329 2575 et
1346 2542 1611 2585 praeeminentiae
1630 2542 1755 2584 fuerint,

1016 2595 1135 2630 etiamsi
1162 2595 1372 2629 cardinalatus
1397 2596 1517 2630 honore
1542 2596 1701 2640 fulgeant,
1727 2601 1755 2627 et

1636 196 1699 230 627
1747 204 1796 231 An.
1818 204 1847 230 0.
1868 203 1939 231 1600

1758 797 1869 818 Decretum
1883 801 1942 826 prae

1736 839 1741 844 .
1759 825 1858 844 insertum
1869 825 1929 841 rentii

1759 854 1801 871 mat
1813 850 1915 870 Pontifex.

1771 2310 1783 2330 d
1797 2282 1904 2303 Clausulas
1917 2283 1953 2303 :nl-

1787 2313 1807 2330 11.
