2263 3215
306 242 340 266 Λ..
374 241 391 264 ‹:
425 240 486 265 11:57
536 230 598 262 ⁶27ss

315 1683 413 1703 Probita-t
424 1687 453 1706 <ut

306 1717 342 1720 .⁷.
385 1716 389 1719 .
423 1716 446 1726 qq

302 1792 339 1810 nisi
357 1796 412 1816 prul*
425 1797 482 1815 prae-

302 1821 354 1837 <tritt
382 1824 408 1836 llll
436 1824 440 1836 Ι
458 1824 484 1836 ἸΙ-

302 1846 343 1863 Ιιιιιι
358 1844 484 1863 obseritur-lt

499 292 708 319 conventuum
735 290 764 320 et
788 286 1004 329 collegiorum,
1031 291 1092 319 tam
1116 286 1236 319 secula-

500 341 579 372 rium
602 350 693 383 quam
721 340 932 382 regularium,
957 350 992 372 ac
1016 339 1236 382 congregatio-

499 404 584 432 mnn,
610 392 920 434 confraternitatum,
945 392 1237 426 archiconsraterni-

501 451 613 487 tatum,
640 447 862 490 hospitalium,
888 446 1182 490 archiliospitalium
1208 451 1237 478 et

500 500 640 533 locorum
675 500 800 544 piorum
825 501 918 533 etiam
953 500 1104 533 laicorum
1137 499 1237 532 dictae

502 554 603 593 l'rbis,
621 554 791 597 apostolica
817 554 1012 594 auctoritate,
1029 559 1137 587 tenore
1152 563 1238 596 prae-

500 607 656 647 sentium,
688 607 745 639 snb
779 609 880 651 poena
905 606 1238 641 excommunicationis

500 660 578 692 latae
603 660 794 700 sententiae,
819 670 939 693 necnon
964 659 1148 704 privationis
1173 658 1238 690 fru-

500 719 605 745 ctuum
633 714 724 746 unius
751 714 877 753 mensis,
901 724 936 746 ac
963 711 1177 757 suspensionis
1200 711 1238 743 ab

500 767 602 800 otiicio
629 767 798 810 respective
824 767 1046 811 prohibemus,
1071 777 1108 799 ne
1136 766 1166 798 in
1191 775 1239 798 eo-

501 831 569 852 rum
600 820 740 853 ecclesiis
773 826 803 853 et
833 820 1003 862 oratoriis,
1029 820 1103 852 dum
1137 818 1238 852 officia

500 873 602 905 divina
627 873 837 913 celebrantur,
859 874 905 906 vel
931 872 1163 906 sanctissimum
1184 872 1239 905 Eu-

500 927 665 959 charistiae
683 932 913 959 sacramentum
934 931 1036 959 manet
1051 926 1238 969 expositum,

500 980 668 1023 quidquam
694 980 812 1013 cantari
846 980 1029 1024 permittant
1053 984 1178 1023 praeter
1203 989 1239 1011 ea

502 1033 615 1072 rerba,
641 1043 719 1076 quae
744 1043 760 1065 a
786 1033 945 1066 Breviario
970 1032 1017 1065 vel
1047 1032 1162 1065 Missali
1188 1042 1238 1064 ro-

501 1096 593 1117 mano
619 1086 648 1118 in
674 1086 784 1119 officiis
808 1086 847 1118 de
871 1086 1002 1129 proprio
1027 1085 1074 1118 vel
1100 1084 1138 1117 de
1156 1095 1239 1118 com-

501 1139 584 1170 muni
618 1150 675 1182 pro
707 1139 845 1172 currenti
877 1138 1030 1182 cuiusque
1061 1138 1121 1171 diei
1160 1138 1238 1171 sesto

501 1192 545 1224 rel
565 1192 666 1224 Sancti
685 1192 883 1225 solemnitate
901 1191 1172 1236 praescribuntur,
1192 1191 1238 1224 rel

501 1256 578 1287 quae
604 1245 713 1276 saltem
738 1256 755 1276 a
780 1245 873 1278 Sacra
893 1244 1067 1288 Scriptura,
1092 1250 1145 1277 aut
1169 1254 1238 1276 san-

500 1298 556 1329 etis
578 1298 721 1330 Patribus
745 1298 909 1341 desumpta
935 1297 1004 1339 sint⁷
1030 1307 1110 1340 quae
1135 1302 1238 1330 tamen

501 1352 585 1393 prius
603 1362 618 1383 a
634 1352 878 1394 congregatione
900 1351 1126 1383 venerabilium
1145 1351 1237 1383 etiam

501 1406 631 1437 t'ratrtun
656 1409 838 1438 nostrorum
864 1404 1002 1436 eiusdem
1021 1404 1050 1437 S.
1073 1405 1106 1437 R.
1125 1404 1157 1437 E.
1176 1414 1240 1436 car—

499 1457 650 1490 dinalium
665 1458 762 1490 sacris
783 1457 894 1491 ritibus
907 1457 1160 1501 praepositorum
1174 1467 1241 1501 spe-

500 1512 619 1543 cialiter
644 1512 868 1555 approbentur,
883 1512 1016 1544 exclusis
1039 1511 1174 1545 modulis
1192 1511 1238 1553 iis,

499 1565 550 1606 qui
582 1566 713 1597 choreas
748 1570 777 1596 et
813 1566 976 1608 profanam
1012 1565 1116 1608 potius
1144 1574 1237 1608 quam

500 1618 742 1651 [aeclesiasticam
764 1618 932 1650 melodiam
952 1618 1123 1651 imitantur.

544 1672 558 1715 ἓ
582 1672 611 1705 2.
637 1672 724 1711 Quod
749 1677 782 1704 ut
807 1672 944 1704 exactius
968 1675 1120 1712 servetur,
1146 1682 1238 1715 prae-

438 1718 484 1754 ....’.-
500 1725 589 1758 dictis
607 1725 826 1769 superioribus
843 1730 872 1757 et
890 1725 1086 1766 officialibus,
1108 1725 1240 1769 aliisque

500 1780 668 1822 praedictis
694 1779 730 1811 ad
756 1790 835 1823 quos
868 1784 1006 1822 spectat,
1031 1779 1088 1812 sub
1121 1779 1239 1812 eisdem

502 1834 610 1876 poenis
630 1834 831 1876 iniungimus,
848 1843 887 1866 no
910 1833 1047 1866 musicae
1066 1833 1240 1877 praefectos

501 1887 538 1919 ad
563 1887 744 1920 huiusmodi
772 1897 886 1919 uulnus
911 1886 1086 1930 recipiant,
1111 1887 1158 1919 vel
1185 1897 1237 1920 re-

501 1945 607 1985 ceptos
633 1941 836 1984 imposterum
866 1940 1041 1982 admittant,
1068 1940 1126 1973 nisi
1151 1940 1241 1985 prius

502 1995 652 2037 praestito
677 1995 716 2027 ab
740 1994 857 2027 eisdem
883 1994 1061 2027 iuramento
1082 1993 1121 2027 de
1137 1993 1242 2027 obser-

502 2048 608 2081 vandis
625 2047 843 2092 praesentibus
859 2047 981 2090 litteris,
996 2047 1045 2081 cui
1063 2048 1240 2081 iuramento

502 2103 525 2135 si
551 2101 826 2142 contravenerint,
850 2111 867 2133 a
891 2101 1006 2134 dilecto
1037 2101 1103 2134 filio
1132 2105 1240 2136 nostro

502 2161 531 2188 et
555 2166 613 2199 pro
639 2161 779 2198 tempore
804 2155 964 2189 existentis
990 2155 1122 2188 Romani
1141 2155 1241 2189 Ponti-

502 2209 569 2242 ficis
594 2209 711 2242 vicario
736 2208 767 2241 in
798 2207 880 2241 Urbe
904 2208 1064 2252 praedicta
1088 2208 1119 2241 in
1143 2209 1237 2253 spiri-

505 2262 637 2295 tualibus
662 2261 800 2304 generali
826 2266 984 2305 tamquam
1009 2262 1127 2306 periuri
1148 2262 1240 2295 ctiam

503 2315 708 2359 corporaliter
730 2314 919 2358 puniantur,
945 2325 980 2347 ac
1009 2314 1159 2348 exercitio
1182 2315 1240 2348 hu-

504 2368 741 2402 iusmodi—officii
757 2373 911 2412 perpetuo
925 2367 1036 2411 privati
1051 2374 1242 2409 remaneant,

502 2422 618 2466 absque
636 2433 689 2466 spe
708 2421 973 2465 reintegrationis,
988 2432 1068 2466 quae
1084 2433 1101 2455 a
1116 2421 1242 2455 nemine

501 2487 699 2519 quacumque
735 2475 920 2509 auctoritate
952 2475 1118 2519 praedito,
1147 2475 1241 2508 etiam

501 2529 668 2572 specialem
694 2528 928 2572 expressionem
945 2528 1141 2574 requirente,
1156 2539 1242 2572 prae-

503 2587 646 2624 terquam
671 2592 688 2613 a
712 2582 801 2614 nobis
820 2586 850 2614 et
870 2582 1019 2615 Romanis
1037 2581 1242 2614 Pontificibus

503 2636 737 2668 succ:‹=‹:soi·il›us
762 2636 876 2668 nostris
896 2635 1024 2668 concedi
1042 2636 1151 2679 possit.

1075 238 1252 262 BULLAIUUM
1281 238 1363 261 nom
1370 237 1432 261 Nm!

1272 341 1352 371 teras
1377 347 1503 380 semper
1528 336 1653 376 firmas,
1674 334 1790 368 validas
1814 338 1843 368 et
1867 334 2009 367 efficaces

1271 391 1404 423 existere
1429 394 1458 424 et
1482 390 1569 431 sore,
1595 398 1696 432 neque
1727 387 1766 420 de
1798 387 2010 431 subreptionis

1273 444 1318 477 vel
1343 443 1560 487 obreptionis,
1584 448 1638 475 aut
1666 441 1818 474 nullitatis
1842 441 1916 474 vitio
1931 467 1938 481 ,
1963 440 2009 473 vet

1272 497 1451 531 intentionis
1476 500 1619 537 nostrae,
1645 505 1699 528 seu
1724 495 1785 528 alio
1810 504 2011 538 quocumque

1271 550 1393 583 defectu
1417 560 1453 582 ex
1478 549 1589 593 quovis
1610 548 1712 592 capite
1741 548 1787 581 vel
1808 549 1902 581 causa
1917 546 2011 580 etiam

1272 603 1399 648 speciali
1436 602 1593 636 mentione
1618 602 1713 645 digna
1737 601 1839 634 notari
1870 605 1922 634 aut
1946 600 2010 633 im-

1272 657 1406 701 pugnari
1432 667 1570 700 unquam
1596 666 1698 699 posse,
1712 654 1766 688 sed
1789 654 1829 687 ab
1854 653 2011 693 omnibus,

1273 710 1310 743 ad
1328 720 1406 753 quos
1427 714 1545 754 spectat
1566 715 1595 742 et
1611 719 1669 753 pro
1690 712 1831 752 tempore
1850 706 2011 751 spectabit,

1273 764 1501 807 cuiuscumque
1525 768 1632 804 status,
1657 761 1784 805 gradus,
1808 760 1939 802 ordinis,
1964 760 2011 792 di-

1272 817 1399 860 gnitatis
1424 822 1455 849 et
1475 815 1664 850 conditionis
1686 815 1829 856 existant,
1848 813 2012 847 inviolabi-

1274 870 1343 903 liter
1379 870 1558 912 observari,
1589 869 1696 912 sicque
1720 873 1750 901 et
1774 877 1836 901 non
1868 866 1957 901 aliter
1982 866 2012 898 in

1274 924 1455 967 praemissis
1487 933 1544 967 per
1573 931 1791 967 quoscumque
1815 920 1934 954 iudices
1959 930 2012 953 or-

1273 976 1411 1010 dinarios
1443 981 1473 1011 et
1507 976 1687 1019 delegatos,
1720 975 1813 1008 etiam
1845 983 2012 1007 causarum

1273 1030 1376 1073 palatii
1407 1034 1570 1073 apostonci
1603 1029 1783 1068 auditores,
1809 1032 1838 1060 et
1863 1026 1892 1060 S.
1919 1027 1953 1060 R.
1979 1026 2012 1060 E.

1273 1083 1457 1125 cardinales,
1481 1082 1574 1115 etiam
1600 1081 1638 1114 de
1662 1081 1759 1114 latere
1776 1080 1906 1123 legatos,
1924 1079 2013 1113 alios-

1272 1146 1332 1179 que
1357 1135 1513 1180 quoslibet
1547 1134 1655 1178 quavis
1686 1133 1872 1167 auctoritate
1897 1138 1927 1166 et
1951 1142 2010 1177 po-

1274 1194 1381 1221 testate
1407 1189 1570 1231 fungentes
1585 1193 1614 1221 et
1632 1187 1804 1230 suncturos,
1830 1185 1951 1220 sublata
1969 1185 2014 1219 eis

1273 1247 1303 1275 et
1327 1252 1436 1276 eorum
1463 1241 1591 1275 cuilibet
1615 1241 1706 1274 aliter
1730 1239 1886 1274 iudicandi
1908 1244 1937 1272 et
1961 1239 2010 1271 in-

1274 1296 1464 1340 terpretandi
1490 1296 1633 1329 facultate
1658 1300 1688 1327 et
1712 1294 1913 1334 auctoritate,
1939 1292 2015 1326 iudi-

1273 1350 1336 1383 cari
1362 1355 1392 1383 et
1416 1349 1540 1382 definiri
1565 1349 1690 1389 debere,
1708 1359 1743 1381 ac
1761 1347 1885 1382 irritum
1904 1352 1933 1379 et
1953 1346 2015 1379 ina-

1273 1414 1322 1445 ne,
1347 1403 1371 1436 si
1397 1414 1487 1437 secus
1501 1413 1596 1446 super
1620 1401 1668 1435 his
1685 1412 1701 1434 a
1719 1411 1878 1445 quoquam
1904 1399 2013 1445 quavis

1274 1457 1469 1496 auctoritate,
1495 1457 1630 1490 scienter
1655 1455 1701 1488 vel
1728 1455 1920 1498 ignoranter,
1945 1464 2015 1487 con-

1275 1511 1379 1553 tigerit
1403 1510 1559 1543 attentari.

1318 1564 1333 1607 ξ
1357 1563 1387 1596 4.
1413 1564 1481 1597 Non
1516 1562 1734 1604 obstantibus,
1758 1566 1912 1606 quatenus
1935 1571 2015 1605 opus

1274 1617 1324 1658 sit,
1348 1617 1386 1651 de
1411 1628 1474 1651 non
1499 1617 1637 1650 tollendo
1663 1617 1730 1650 iure
1756 1615 1907 1660 quaesito,
1932 1619 2014 1647 cete-

1276 1671 1380 1716 risque
1404 1671 1520 1705 nostris
1545 1676 1575 1703 et
1599 1669 1803 1704 cancellariae
1824 1667 2015 1713 apostolicae

1275 1725 1408 1769 regulis,
1430 1731 1460 1758 et
1484 1725 1553 1758 aliis
1578 1722 1856 1758 constitutionibus
1880 1726 1910 1756 et
1934 1721 2017 1754 ordi·

1275 1778 1453 1813 nationibus
1467 1778 1657 1822 apostolicis,
1674 1777 1767 1811 etiam
1783 1776 2015 1818 concibaribus,

1274 1842 1309 1865 ac
1333 1831 1550 1872 ecclesiarum,
1574 1831 1788 1871 basilicarum,
1814 1829 2017 1864 monasterio-

1275 1898 1356 1929 rum,
1371 1891 1592 1927 conventuum,
1607 1886 1826 1929 collegiorum,
1836 1884 2016 1924 domorum,

1274 1939 1567 1972 confraternitatum
1583 1966 1590 1979 ‚
1615 1938 1997 1972 aretiic011s1·ate1·nitatum
2008 1965 2016 1978 ,

1276 1993 1489 2036 hospitalium,
1513 1991 1810 2036 archiliospitalium
1835 1997 1865 2024 et
1889 1991 2015 2035 piorum

1275 2047 1418 2080 locorum
1453 2045 1658 2087 huiusmodi,
1689 2055 1813 2079 necnon
1846 2044 2016 2085 ordinum,

1275 2099 1570 2143 congregationum,
1595 2098 1781 2132 societatum
1803 2103 1834 2131 et
1858 2097 2015 2131 instituto-

1275 2163 1345 2186 rum
1371 2162 1657 2197 quorumcumque,
1683 2157 1713 2185 et
1736 2151 1807 2185 aliis
1831 2150 1992 2196 quibusvis
2009 2178 2016 2191 ,

1276 2206 1368 2240 etiam
1398 2207 1586 2247 iuramento,
1609 2205 1849 2239 confirmatione
1869 2204 2016 2249 apostoli-

1275 2262 1334 2302 ca,
1359 2260 1406 2293 vel
1431 2260 1540 2304 quavis
1571 2259 1719 2294 firmitate
1751 2258 1812 2292 alia
1836 2258 2017 2298 roboratis,

1275 2314 1397 2349 statutis
1434 2317 1464 2347 et
1499 2312 1778 2347 consuetudinibus
1799 2339 1808 2353 ,
1844 2311 2017 2356 privilegiis

1275 2377 1412 2412 quoque,
1434 2366 1563 2400 indultis
1587 2371 1618 2399 et
1639 2365 1753 2400 litteris
1776 2364 1967 2409 apostolicis,
1986 2365 2017 2397 in

1275 2431 1392 2464 genere
1418 2420 1465 2453 vel
1491 2420 1521 2453 in
1546 2419 1661 2463 specie,
1679 2429 1734 2453 seu
1751 2418 1826 2451 alias
1847 2416 2017 2461 quomodo-

1276 2473 1353 2508 libet
1378 2473 1407 2506 in
1433 2473 1628 2507 contrarium
1660 2471 1909 2516 praemissorum
1935 2479 2014 2504 con-

1275 2527 1382 2567 cessis,
1415 2526 1609 2560 confirmatis
1638 2530 1667 2560 et
1697 2525 1815 2570 pluries
1847 2523 2016 2563 innovatis;

1275 2581 1390 2625 quibus
1413 2580 1560 2614 omnibus
1575 2586 1605 2613 et
1621 2579 1764 2622 singulis,
1781 2578 1908 2611 illorum
1931 2583 2017 2611 teno-

1276 2645 1324 2667 res
1353 2634 1572 2677 praesentibus
1590 2643 1647 2676 pro
1664 2632 1755 2676 plene
1773 2637 1801 2664 et
1826 2632 2016 2664 sufficienter

2018 233 2070 261 An.
2088 233 2118 260 C.
2135 235 2206 264 1657,

1314 285 1374 328 §3
1396 285 1604 317 Decernentes
1628 282 1710 326 ipsas
1734 284 1912 325 praesentes
1928 281 2009 315 litte·
2054 295 2160 318 net-reim
2172 304 2194 320 .,.

2025 320 2095 342 ritans.

2097 1567 2205 1589 Contrariis,

2030 1595 2122 1620 derogat.
