2243 3205
251 159 303 186 An.
323 160 350 187 C.
367 161 432 188 1001

277 380 359 400 Petilio.

277 962 387 982 Confirmat
397 962 432 981 tle-

251 992 339 1009 cin-lum.

252 2444 360 2464 Contraria
373 2444 432 2465 lullil.

480 152 546 186 694

448 209 520 241 dicti
547 209 797 241 reverendissimi
828 209 946 242 domiui
979 210 1099 244 abbatis
1125 211 1184 243 mei

448 262 621 304 generalis,
647 262 830 295 Franciseus
856 263 1024 308 Destrechy
1049 269 1184 297 secreta-

448 315 531 355 rius,
558 316 598 347 ita
622 315 834 359 subscriptum
861 322 890 349 ct
915 317 1085 360 sigillatum
1106 330 1132 349 n.

492 369 506 411 ἓ
530 369 558 401 02.
587 368 662 402 Cum
688 375 805 409 autem,
830 371 910 403 sicut
935 371 1042 403 eadem
1061 370 1185 414 exposi-

448 422 490 454 tio
504 422 721 465 subiungebat,
736 423 930 466 praedictum
947 424 1185 463 monasterium,

447 474 575 518 eiusque
611 475 765 509 abbatissa
790 482 819 509 et
850 481 1019 510 conventus
1051 477 1108 509 sub
1133 477 1184 509 tali

446 527 578 561 abbatis·
591 528 730 561 Cistcrcii
749 529 970 573 superioritate
988 530 1118 562 feliciter
1134 530 1183 561 ha-

448 586 555 613 ctenus
580 583 865 624 perscrerave1·int;
892 594 953 626 quo
978 594 1052 615 vero
1077 583 1185 626 impo-

447 638 564 666 sterum
590 645 715 678 quoque
752 646 954 678 perseverare
979 646 1035 668 nec
1060 646 1077 667 a
1101 646 1182 678 quo-

447 697 540 730 quam
574 687 604 719 in
637 688 687 721 tali
718 688 786 721 iure
819 689 976 722 molestari
1009 694 1038 721 ct
1063 688 1184 721 turbari

448 740 589 782 valeant,
626 747 799 774 memorata
835 742 1001 775 Catharina
1037 742 1185 784 Angelica

447 793 601 827 abbatissa
626 795 799 838 plurimum
826 795 931 838 cupiat
955 795 1129 839 praemissa
1154 805 1185 827 a-

448 847 619 889 postolicae
645 848 892 881 confirmationis
916 852 1041 882 nostrae
1070 848 1185 881 robore

448 900 647 933 communiri:

492 952 506 995 ἓ
530 952 559 985 3.
578 953 650 993 Nos,
668 953 765 997 ipsam
787 954 983 987 Catharinam
1003 954 1184 997 Angelicam

447 1005 636 1038 abbatissam
662 1007 849 1050 specialibus
882 1007 1041 1040 favoribus
1066 1014 1095 1040 et
1119 1018 1187 1050 gra*

448 1059 496 1091 tiis
522 1060 667 1103 prosequi
694 1061 842 1102 volentes,
861 1066 890 1092 et
906 1071 923 1092 a
947 1060 1106 1104 quibusvis
1132 1071 1185 1093 ex-

447 1113 761 1153 communicationis,
786 1113 1000 1156 suspensionis
1025 1114 1054 1146 et
1089 1113 1185 1146 inter-

446 1164 539 1207 dicti,
575 1166 706 1209 aliisque
746 1165 966 1198 ecclesiasticis
1003 1167 1185 1207 sententiis,

447 1218 586 1250 censuris
603 1224 633 1251 et
657 1219 776 1262 poenis,
791 1230 807 1250 a
822 1219 890 1251 iure
912 1219 956 1252 vel
983 1219 1021 1252 ab
1046 1219 1184 1261 homine,

446 1271 554 1313 quavis
579 1271 742 1304 occasione
758 1272 803 1304 vel
818 1273 911 1305 causa
926 1272 1007 1312 latis,
1028 1272 1052 1305 si
1071 1273 1185 1316 quibus

446 1324 682 1366 quomodolibet
718 1324 864 1357 innodata
899 1325 1017 1367 existit,
1042 1325 1080 1357 ad
1105 1326 1182 1358 effe-

446 1381 529 1408 ctum
554 1377 766 1419 praesentium
792 1377 952 1410 dumtaxat
984 1388 1182 1421 consequen-

446 1428 531 1469 dum,
552 1427 667 1462 harum
693 1430 774 1463 serie
798 1431 995 1464 absolventes
1027 1435 1056 1465 ct
1087 1432 1182 1464 abso-

446 1483 543 1515 lutam
580 1484 645 1516 sore
682 1490 865 1527 censentes,
904 1485 1185 1529 supplicationibus

446 1536 512 1568 eius
542 1537 668 1569 nomine
703 1537 795 1570 nobis
819 1549 914 1582 super
939 1539 998 1571 hoc
1024 1539 1185 1571 humiliter

445 1591 600 1633 porrectis
621 1591 777 1630 inclinati,
802 1591 840 1623 de
871 1592 1096 1624 venerabilium
1123 1593 1184 1624 sra-

447 1648 529 1675 trum
554 1648 734 1676 nostrorum
756 1645 784 1678 S.
804 1645 837 1678 R.
856 1645 888 1677 E.
911 1645 1115 1678 cardinalium
1134 1656 1184 1679 ne-

445 1697 538 1738 gotiis
562 1702 592 1729 et
615 1697 897 1730 consultationibus
917 1698 1137 1742 episcoporum
1156 1704 1185 1731 et

446 1749 638 1790 regularium
675 1750 949 1793 praepositorum,
974 1751 1027 1794 qui
1053 1752 1181 1785 relatio-

446 1811 516 1834 nem
542 1802 644 1834 dilecti
672 1803 726 1834 lllii
752 1804 850 1835 nostri
871 1809 901 1836 et
920 1804 1118 1847 Apostolicae
1135 1805 1185 1838 Se-

446 1855 493 1888 dis
524 1856 605 1899 apud
639 1857 836 1889 carissimum
871 1857 900 1889 in
926 1858 1049 1891 Christo
1082 1858 1184 1890 silium

446 1914 588 1941 nostrum
626 1909 817 1946 Ludovicum
852 1910 1044 1943 Francorum
1076 1922 1182 1954 regem

447 1961 739 1995 christianissimum
765 1963 870 1995 nuncii
897 1963 1092 2005 audiverunt,
1111 1974 1184 1996 con-

447 2014 526 2055 silio,
537 2016 661 2048 attentis
676 2017 819 2057 narratis,
835 2017 1044 2060 praeinsertas
1055 2018 1183 2057 litteras,

446 2069 629 2101 auctoritate
645 2070 825 2113 apostolica,
840 2075 946 2103 tenore
961 2072 1183 2114 praesentium,

446 2122 671 2155 confirmamus
696 2128 725 2155 et
749 2124 972 2167 approbamus,
1001 2124 1123 2167 illisque
1139 2124 1184 2156 in-

447 2174 600 2207 violabilis
620 2176 808 2218 apostolicae
844 2176 1001 2209 firmitatis
1027 2177 1126 2210 robur
1151 2188 1183 2210 a-

446 2227 591 2261 diicimus
616 2228 657 2260 ita
674 2234 714 2261 ‘ut
740 2229 906 2262 erectionis
932 2230 1096 2263 memorati
1122 2241 1185 2263 mo-

446 2281 573 2313 nasterii
598 2281 626 2314 S.
646 2282 759 2315 Mariae
785 2283 908 2324 Regalis
922 2282 1001 2316 ratio
1022 2283 1183 2323 habeatur,

447 2332 649 2377 eiusdemque
674 2334 757 2366 circa
781 2340 932 2367 assertam
957 2334 1182 2368 subiectionem

449 2390 537 2418 tenor
562 2391 591 2418 et
615 2387 713 2419 forma
738 2392 890 2421 servetur.

493 2439 508 2482 ἓ
531 2439 560 2471 4.
585 2440 652 2473 Non
677 2440 873 2473 obstantibus
909 2441 1185 2474 constitutionibus

450 2497 480 2524 et
503 2492 751 2525 ordinationibus
776 2494 977 2537 apostolicis,
1010 2494 1183 2538 ceterisque

451 2545 614 2578 contrariis
639 2546 897 2589 quibuscumque.

1027 162 1202 187 BULLARIUM
1230 163 1382 187 ROMANUM

1264 211 1373 243 Datum
1407 212 1533 252 Romae,
1554 212 1638 256 apud
1667 213 1696 246 S.
1714 213 1840 246 Mariam
1865 214 1956 247 Maio-

1221 275 1298 304 rem,
1316 265 1373 297 sub
1390 266 1506 298 annulo
1538 265 1702 300 Piscatoris
1717 293 1724 307 ,
1749 266 1798 299 die
1822 277 1883 300 xxx
1908 267 1955 300 iu-

1220 317 1261 349 nii
1293 328 1407 352 nncrxi
1422 346 1429 359 ‚
1453 319 1653 362 pontificatus
1676 319 1775 352 nostri
1800 329 1881 353 anno
1902 330 1954 354 vu.

1258 378 1313 405 llat.
1333 379 1375 406 die
1391 380 1424 408 30
1440 380 1505 408 iunii
1524 382 1601 414 1661,
1618 381 1711 417 pontis.
1730 389 1800 409 anno
1815 388 1858 408 vu.

1513 496 1669 530 CCCXLV.

1224 565 1434 608 Confirmatio
1459 571 1487 599 et
1504 568 1669 600 innovatio
1691 567 1873 600 litterarum
1894 567 1958 601 Cle-

1263 619 1380 651 mentis
1410 620 1494 652 VIII
1515 624 1544 652 et
1567 619 1672 653 Pauli
1699 620 1725 652 V
1753 624 1863 652 contra
1890 620 1958 663 fra-

1266 677 1326 704 tres
1342 671 1476 705 Ordinis
1488 673 1710 705 Eremicarum
1724 673 1756 706 S.
1777 673 1959 716 Auyustini

1264 726 1487 768 conquirentes
1519 725 1695 768 diqnitates
1718 726 1752 758 in
1778 725 1885 758 effidem
1912 736 1958 758 re-

1265 778 1385 821 Iiyione
1410 779 1451 811 ad
1474 779 1719 823 requisitionem
1742 789 1958 823 personarum

1264 835 1355 864 extra
1380 831 1534 865 Ordinem
1559 833 1820 865 constitutarum.

1412 902 1577 929 Alexander
1597 902 1674 936 Papa
1694 902 1764 936 VII,

1362 946 1398 972 ad
1417 946 1551 973 futuram
1570 946 1616 973 rei
1637 946 1809 973 memoriam

1264 1007 1419 1040 Admonet
1443 1018 1500 1040 nos
1525 1008 1658 1051 suscepti
1687 1018 1762 1041 cura
1793 1007 1957 1051 regiminis

1221 1060 1404 1093 universalis
1429 1060 1595 1101 Ecclesiae,
1621 1065 1655 1094 ut
1678 1061 1740 1103 illa⁷
1762 1071 1841 1104 quae
1864 1071 1882 1093 a
1900 1061 1959 1094 Ro-

1221 1112 1320 1145 manis
1345 1113 1546 1146 Pontificibus
1578 1113 1874 1157 praedecessoribus
1901 1124 1957 1147 no-

1220 1166 1275 1198 stri
1300 1177 1358 1209 pro
1383 1166 1463 1199 felici
1489 1166 1752 1209 christifidelium,
1780 1166 1833 1210 qui
1862 1166 1957 1200 abne-

1220 1224 1328 1262 gantes
1347 1219 1532 1263 semetipsos
1549 1220 1698 1253 Altissimi
1712 1220 1871 1264 obsequiis
1887 1231 1955 1254 sese

1220 1271 1277 1305 sub
1292 1272 1377 1305 suavi
1393 1272 1558 1315 religiosae
1574 1273 1759 1306 humilitatis
1784 1273 1858 1316 iugo
1876 1283 1959 1306 man-

1220 1325 1382 1368 ciparunt,
1408 1326 1580 1359 directione
1605 1331 1634 1359 et
1658 1326 1762 1372 quiete
1790 1326 1959 1359 salubriter

1219 1378 1386 1412 constituta
1410 1389 1477 1412 esse
1495 1379 1732 1422 dignoscuntur,
1750 1390 1812 1423 quo
1829 1390 1955 1413 serven-

1220 1437 1270 1463 tur
1295 1431 1325 1464 in
1350 1437 1510 1475 posterum
1536 1433 1694 1474 exactius,
1719 1433 1903 1466 innovemus
1928 1437 1958 1466 et

1219 1485 1408 1527 apostolicae
1433 1485 1680 1519 confirmationis
1704 1490 1830 1520 nostrae
1855 1486 1959 1518 muni-

1220 1538 1302 1570 mine
1327 1538 1592 1571 constabiliamus.

1262 1592 1277 1634 ξ
1298 1592 1326 1624 I.
1345 1592 1467 1638 Dudum
1492 1593 1645 1636 siquidem
1668 1603 1684 1625 a
1701 1592 1799 1626 felicis
1816 1592 1959 1626 recorda·

1220 1645 1311 1678 tionis
1335 1645 1493 1679 Clemente
1518 1646 1601 1690 Papa
1624 1646 1688 1679 VIII
1714 1646 1957 1690 praedecessore

1219 1704 1327 1731 nostro
1357 1699 1512 1731 emanavit
1543 1699 1722 1732 constitutio
1755 1699 1873 1732 tenoris
1904 1698 1957 1742 qui

1219 1750 1371 1794 sequitur,
1397 1751 1556 1784 videlicet:
1577 1752 1721 1786 Clemens
1744 1752 1840 1795 Papa
1863 1751 1956 1792 VIII,

1218 1803 1261 1835 acl
1282 1807 1474 1847 perpetuam
1505 1803 1554 1836 rei
1585 1804 1778 1837 memoriam.
1803 1804 1957 1843 Quoniam

1219 1865 1311 1888 nemo
1336 1856 1427 1889 debet
1451 1856 1509 1889 sibi
1529 1867 1689 1889 assumere
1718 1856 1872 1890 bonorem
1897 1856 1957 1889 nisi

1219 1914 1345 1942 vocatus
1371 1920 1387 1941 a
1412 1910 1474 1942 Deo
1499 1915 1657 1953 tamquam
1683 1911 1796 1951 Aaron,
1821 1909 1912 1943 etc.¹:

1263 1962 1299 1995 Et
1323 1962 1455 1995 subinde
1480 1963 1665 1996 recolendae
1690 1963 1860 1996 memoriae
1884 1963 1959 1996 Pau-

1219 2015 1266 2047 lus
1284 2015 1304 2047 V
1323 2015 1548 2059 praedecessor
1571 2021 1679 2049 noster
1703 2015 1959 2049 constitutionem

1218 2068 1336 2111 pariter
1360 2068 1456 2101 edidit
1486 2068 1602 2101 tenoris
1634 2068 1811 2112 sequentis,
1844 2068 1955 2101 videli-

1218 2126 1279 2153 eet:
1305 2121 1432 2154 Paulus
1452 2121 1546 2164 Papa
1571 2120 1604 2161 V,
1632 2120 1676 2154 ad
1698 2125 1888 2164 perpetuam
1911 2120 1960 2154 rei

1218 2174 1420 2207 memoriani.
1442 2174 1657 2221 Admonemur
1677 2174 1841 2217 pastoralis
1864 2173 1959 2207 officii

1218 2226 1316 2260 nostri
1337 2227 1442 2260 debito
1464 2226 1646 2269 diligentius
1667 2226 1859 2270 prospicere,
1877 2226 1958 2260 etc.’.

1262 2280 1277 2322 ἓ
1300 2279 1330 2311 ⁶2.
1355 2280 1431 2313 Cum
1460 2284 1564 2312 autem
1589 2290 1625 2312 ea
1650 2279 1689 2314 sit
1712 2290 1818 2313 rerum
1851 2279 1960 2313 huma-

1218 2343 1330 2365 narum
1351 2332 1499 2373 conditio,
1520 2332 1553 2365 ut
1571 2333 1827 2366 constitutionum
1846 2337 1876 2365 et
1900 2342 1955 2366 or-

1253 2423 1265 2448 1
1289 2422 1402 2457 Reliqua
1421 2421 1570 2448 omittimus
1583 2443 1589 2455 ,
1610 2422 1674 2457 quia
1693 2421 1854 2448 constitutio
1874 2420 1958 2448 habe-

1219 2469 1262 2493 tur
1281 2466 1308 2493 in
1328 2470 1394 2493 tom.
1416 2473 1453 2498 xi,
1474 2474 1535 2501 pag.
1557 2467 1607 2493 136
1625 2468 1662 2500 (n.
1680 2466 1725 2500 T.).

1254 2511 1269 2537 ⁶2
1281 2510 1439 2537 Constitutio
1451 2510 1556 2536 PauliV
1567 2510 1683 2537 babetur
1695 2517 1801 2545 quoque
1811 2509 1835 2535 in
1847 2513 1912 2536 tom.
1921 2514 1958 2541 xl,

1219 2563 1279 2590 pag.
1297 2556 1348 2583 510
1362 2557 1400 2589 (a,
1415 2556 1463 2589 τ,).

1965 165 2015 191 An.
2036 165 2147 194 (3.1661
2191 155 2194 196 i
2235 171 2243 191 i

1999 1019 2138 1040 Prooemium.

1989 1601 2100 1623 Decretum
2110 1601 2153 1624 Cle·

1971 1628 2047 1650 mentis
2062 1628 2114 1654 vni,

1999 1973 2024 1993 Et
2038 1972 2096 1993 Pauli
2111 1971 2135 1993 V.

2008 2287 2118 2309 clementis
2131 2287 2151 2308 et

1972 2314 2033 2336 Pauli
2073 2314 2150 2335 linem

1972 2341 2088 2362 confirmat.
