<?xml version="1.0" encoding="UTF-8"?>
<!DOCTYPE html PUBLIC "-//W3C//DTD XHTML 1.0 Transitional//EN"
    "http://www.w3.org/TR/xhtml1/DTD/xhtml1-transitional.dtd">
<html xmlns="http://www.w3.org/1999/xhtml" xml:lang="en" lang="en">
 <head>
  <title>
</title>
<meta http-equiv="Content-Type" content="text/html;charset=utf-8" />
  <meta name='ocr-system' content='tesseract 3.04.00' />
  <meta name='ocr-capabilities' content='ocr_page ocr_carea ocr_par ocr_line ocrx_word'/>
</head>
<body>
  <div class='ocr_page' id='page_1' title='image "./bullarumdiplomat16cath_0300.png"; bbox 0 0 2263 3215; ppageno 0'>
   <div class='ocr_carea' id='block_1_1' title="bbox 308 206 603 244">
    <p class='ocr_par' dir='ltr' id='par_1_1' title="bbox 308 206 603 244">
     <span class='ocr_line' id='line_1_1' title="bbox 308 206 603 244; baseline -0.003 -3"><span class='ocrx_word' id='word_1_1' title='bbox 308 216 360 242; x_wconf 71' lang='lat' dir='ltr'>An.</span> <span class='ocrx_word' id='word_1_2' title='bbox 381 215 493 244; x_wconf 68' lang='lat'>01657</span> <span class='ocrx_word' id='word_1_3' title='bbox 541 206 603 241; x_wconf 69' lang='lat'>266</span> 
     </span>
    </p>
   </div>
   <div class='ocr_carea' id='block_1_2' title="bbox 310 809 493 862">
    <p class='ocr_par' dir='ltr' id='par_1_2' title="bbox 310 809 493 862">
     <span class='ocr_line' id='line_1_2' title="bbox 348 809 493 835; baseline 0 -6"><span class='ocrx_word' id='word_1_4' title='bbox 348 809 493 835; x_wconf 56' lang='lat' dir='ltr'>Eiron-tutores</span> 
     </span>
     <span class='ocr_line' id='line_1_3' title="bbox 310 835 403 862; baseline -0.022 -5"><span class='ocrx_word' id='word_1_5' title='bbox 310 835 403 862; x_wconf 74' lang='lat' dir='ltr'>deputat.</span> 
     </span>
    </p>
   </div>
   <div class='ocr_carea' id='block_1_3' title="bbox 311 1394 494 1441">
    <p class='ocr_par' dir='ltr' id='par_1_3' title="bbox 311 1394 494 1441">
     <span class='ocr_line' id='line_1_4' title="bbox 340 1394 494 1415; baseline 0.006 -2"><span class='ocrx_word' id='word_1_6' title='bbox 340 1394 450 1415; x_wconf 63' lang='lat' dir='ltr'>Decretum</span> <span class='ocrx_word' id='word_1_7' title='bbox 469 1394 494 1414; x_wconf 86' lang='lat' dir='ltr'>ir·</span> 
     </span>
     <span class='ocr_line' id='line_1_5' title="bbox 311 1423 384 1441; baseline 0 0"><span class='ocrx_word' id='word_1_8' title='bbox 311 1423 384 1441; x_wconf 72' lang='lat' dir='ltr'>ritans.</span> 
     </span>
    </p>
   </div>
   <div class='ocr_carea' id='block_1_4' title="bbox 505 263 1261 2656">
    <p class='ocr_par' dir='ltr' id='par_1_4' title="bbox 505 263 1247 787">
     <span class='ocr_line' id='line_1_6' title="bbox 506 263 1245 308; baseline 0.001 -12"><span class='ocrx_word' id='word_1_9' title='bbox 506 275 578 297; x_wconf 87' lang='lat' dir='ltr'>rum</span> <span class='ocrx_word' id='word_1_10' title='bbox 603 263 786 305; x_wconf 80' lang='lat' dir='ltr'>Ordinariis,</span> <span class='ocrx_word' id='word_1_11' title='bbox 804 265 851 297; x_wconf 87' lang='lat' dir='ltr'>vel</span> <span class='ocrx_word' id='word_1_12' title='bbox 876 263 976 298; x_wconf 88' lang='lat' dir='ltr'>dietae</span> <span class='ocrx_word' id='word_1_13' title='bbox 993 265 1245 308; x_wconf 80' lang='lat' dir='ltr'>congregationis</span> 
     </span>
     <span class='ocr_line' id='line_1_7' title="bbox 505 316 1243 362; baseline 0.001 -13"><span class='ocrx_word' id='word_1_14' title='bbox 505 316 749 350; x_wconf 87' lang='lat' dir='ltr'>Camaldulensis</span> <span class='ocrx_word' id='word_1_15' title='bbox 757 318 1041 359; x_wconf 79' lang='lat' dir='ltr'>conservatoribus,</span> <span class='ocrx_word' id='word_1_16' title='bbox 1052 328 1110 362; x_wconf 85' lang='lat' dir='ltr'>per</span> <span class='ocrx_word' id='word_1_17' title='bbox 1120 318 1243 352; x_wconf 87' lang='lat' dir='ltr'>easdem</span> 
     </span>
     <span class='ocr_line' id='line_1_8' title="bbox 506 370 1245 415; baseline 0.003 -13"><span class='ocrx_word' id='word_1_18' title='bbox 506 374 686 413; x_wconf 72' lang='lat' dir='ltr'>praesentes</span> <span class='ocrx_word' id='word_1_19' title='bbox 702 370 905 414; x_wconf 79' lang='lat' dir='ltr'>iniungimus,</span> <span class='ocrx_word' id='word_1_20' title='bbox 925 376 969 412; x_wconf 88' lang='lat' dir='ltr'>ut,</span> <span class='ocrx_word' id='word_1_21' title='bbox 985 371 1245 415; x_wconf 78' lang='lat' dir='ltr'>quotiescumque</span> 
     </span>
     <span class='ocr_line' id='line_1_9' title="bbox 508 422 1245 466; baseline 0.003 -11"><span class='ocrx_word' id='word_1_22' title='bbox 508 422 649 466; x_wconf 73' lang='lat' dir='ltr'>requisiti</span> <span class='ocrx_word' id='word_1_23' title='bbox 675 423 801 465; x_wconf 85' lang='lat' dir='ltr'>suerint,</span> <span class='ocrx_word' id='word_1_24' title='bbox 818 424 856 457; x_wconf 89' lang='lat' dir='ltr'>ab</span> <span class='ocrx_word' id='word_1_25' title='bbox 883 424 1062 458; x_wconf 89' lang='lat' dir='ltr'>huiusmodi</span> <span class='ocrx_word' id='word_1_26' title='bbox 1081 425 1245 458; x_wconf 80' lang='lat' dir='ltr'>vexationi-</span> 
     </span>
     <span class='ocr_line' id='line_1_10' title="bbox 507 476 1244 511; baseline 0.003 -3"><span class='ocrx_word' id='word_1_27' title='bbox 507 476 565 509; x_wconf 87' lang='lat' dir='ltr'>bus</span> <span class='ocrx_word' id='word_1_28' title='bbox 596 487 631 509; x_wconf 87' lang='lat' dir='ltr'>ac</span> <span class='ocrx_word' id='word_1_29' title='bbox 667 477 822 510; x_wconf 88' lang='lat' dir='ltr'>violentiis</span> <span class='ocrx_word' id='word_1_30' title='bbox 848 478 1018 511; x_wconf 81' lang='lat' dir='ltr'>manifestis</span> <span class='ocrx_word' id='word_1_31' title='bbox 1043 477 1244 511; x_wconf 86' lang='lat' dir='ltr'>commenda-</span> 
     </span>
     <span class='ocr_line' id='line_1_11' title="bbox 508 530 1243 574; baseline 0.001 -12"><span class='ocrx_word' id='word_1_32' title='bbox 508 530 602 563; x_wconf 84' lang='lat' dir='ltr'>tarios</span> <span class='ocrx_word' id='word_1_33' title='bbox 626 541 682 574; x_wconf 91' lang='lat' dir='ltr'>per</span> <span class='ocrx_word' id='word_1_34' title='bbox 706 541 853 564; x_wconf 87' lang='lat' dir='ltr'>censuras</span> <span class='ocrx_word' id='word_1_35' title='bbox 872 537 902 565; x_wconf 88' lang='lat' dir='ltr'>et</span> <span class='ocrx_word' id='word_1_36' title='bbox 922 532 981 564; x_wconf 88' lang='lat' dir='ltr'>alia</span> <span class='ocrx_word' id='word_1_37' title='bbox 999 532 1076 564; x_wconf 88' lang='lat' dir='ltr'>iuris</span> <span class='ocrx_word' id='word_1_38' title='bbox 1096 531 1243 572; x_wconf 88' lang='lat' dir='ltr'>remedia,</span> 
     </span>
     <span class='ocr_line' id='line_1_12' title="bbox 508 583 1244 630; baseline 0.003 -15"><span class='ocrx_word' id='word_1_39' title='bbox 508 583 650 618; x_wconf 85' lang='lat' dir='ltr'>invocato</span> <span class='ocrx_word' id='word_1_40' title='bbox 675 584 779 626; x_wconf 88' lang='lat' dir='ltr'>etiam,</span> <span class='ocrx_word' id='word_1_41' title='bbox 797 585 821 618; x_wconf 94' lang='lat' dir='ltr'>si</span> <span class='ocrx_word' id='word_1_42' title='bbox 838 596 917 630; x_wconf 92' lang='lat' dir='ltr'>opus</span> <span class='ocrx_word' id='word_1_43' title='bbox 938 586 1040 628; x_wconf 80' lang='lat' dir='ltr'>suerit,</span> <span class='ocrx_word' id='word_1_44' title='bbox 1059 584 1180 618; x_wconf 85' lang='lat' dir='ltr'>brachii</span> <span class='ocrx_word' id='word_1_45' title='bbox 1197 595 1244 618; x_wconf 92' lang='lat' dir='ltr'>se-</span> 
     </span>
     <span class='ocr_line' id='line_1_13' title="bbox 508 637 1245 681; baseline 0.001 -12"><span class='ocrx_word' id='word_1_46' title='bbox 508 637 623 670; x_wconf 90' lang='lat' dir='ltr'>cularis</span> <span class='ocrx_word' id='word_1_47' title='bbox 648 638 774 680; x_wconf 88' lang='lat' dir='ltr'>auxilio,</span> <span class='ocrx_word' id='word_1_48' title='bbox 792 639 960 672; x_wconf 80' lang='lat' dir='ltr'>cohibeant</span> <span class='ocrx_word' id='word_1_49' title='bbox 980 644 1010 672; x_wconf 90' lang='lat' dir='ltr'>et</span> <span class='ocrx_word' id='word_1_50' title='bbox 1030 642 1245 681; x_wconf 86' lang='lat' dir='ltr'>compescant;</span> 
     </span>
     <span class='ocr_line' id='line_1_14' title="bbox 508 690 1247 736; baseline 0.001 -13"><span class='ocrx_word' id='word_1_51' title='bbox 508 691 595 724; x_wconf 73' lang='lat' dir='ltr'>salva</span> <span class='ocrx_word' id='word_1_52' title='bbox 627 702 751 735; x_wconf 90' lang='lat' dir='ltr'>semper</span> <span class='ocrx_word' id='word_1_53' title='bbox 785 693 816 725; x_wconf 91' lang='lat' dir='ltr'>in</span> <span class='ocrx_word' id='word_1_54' title='bbox 849 693 1030 736; x_wconf 79' lang='lat' dir='ltr'>praemissis</span> <span class='ocrx_word' id='word_1_55' title='bbox 1063 690 1247 725; x_wconf 85' lang='lat' dir='ltr'>auctoritate</span> 
     </span>
     <span class='ocr_line' id='line_1_15' title="bbox 509 744 1203 787; baseline -0.001 -10"><span class='ocrx_word' id='word_1_56' title='bbox 509 744 764 787; x_wconf 81' lang='lat' dir='ltr'>congregationis</span> <span class='ocrx_word' id='word_1_57' title='bbox 781 745 965 778; x_wconf 88' lang='lat' dir='ltr'>eorumdem</span> <span class='ocrx_word' id='word_1_58' title='bbox 987 744 1203 777; x_wconf 78' lang='lat' dir='ltr'>cardinalium.</span> 
     </span>
    </p>

    <p class='ocr_par' dir='ltr' id='par_1_5' title="bbox 508 797 1252 1374">
     <span class='ocr_line' id='line_1_16' title="bbox 555 797 1249 842; baseline -0.001 -12"><span class='ocrx_word' id='word_1_59' title='bbox 555 798 569 841; x_wconf 61' lang='grc' dir='ltr'><strong>ἓ</strong></span> <span class='ocrx_word' id='word_1_60' title='bbox 593 797 623 830; x_wconf 74' lang='grc'>4.</span> <span class='ocrx_word' id='word_1_61' title='bbox 641 798 850 831; x_wconf 83' lang='lat' dir='ltr'>Decernentes</span> <span class='ocrx_word' id='word_1_62' title='bbox 866 798 992 831; x_wconf 82' lang='lat' dir='ltr'>easdem</span> <span class='ocrx_word' id='word_1_63' title='bbox 1006 801 1187 842; x_wconf 75' lang='lat' dir='ltr'>praesentes</span> <span class='ocrx_word' id='word_1_64' title='bbox 1203 797 1249 829; x_wconf 83' lang='lat' dir='ltr'>lit·</span> 
     </span>
     <span class='ocr_line' id='line_1_17' title="bbox 510 851 1249 895; baseline 0 -12"><span class='ocrx_word' id='word_1_65' title='bbox 510 856 592 884; x_wconf 88' lang='lat' dir='ltr'>teras</span> <span class='ocrx_word' id='word_1_66' title='bbox 617 861 742 895; x_wconf 85' lang='lat' dir='ltr'>semper</span> <span class='ocrx_word' id='word_1_67' title='bbox 767 852 886 893; x_wconf 77' lang='lat' dir='ltr'>sirmas,</span> <span class='ocrx_word' id='word_1_68' title='bbox 912 852 1029 884; x_wconf 86' lang='lat' dir='ltr'>validas</span> <span class='ocrx_word' id='word_1_69' title='bbox 1053 856 1084 884; x_wconf 90' lang='lat' dir='ltr'>et</span> <span class='ocrx_word' id='word_1_70' title='bbox 1108 851 1249 883; x_wconf 85' lang='lat' dir='ltr'>efficaces</span> 
     </span>
     <span class='ocr_line' id='line_1_18' title="bbox 509 903 1250 947; baseline -0.001 -10"><span class='ocrx_word' id='word_1_71' title='bbox 509 904 641 937; x_wconf 78' lang='lat' dir='ltr'>existere</span> <span class='ocrx_word' id='word_1_72' title='bbox 659 908 689 938; x_wconf 89' lang='lat' dir='ltr'>et</span> <span class='ocrx_word' id='word_1_73' title='bbox 706 905 782 946; x_wconf 83' lang='lat' dir='ltr'>sore,</span> <span class='ocrx_word' id='word_1_74' title='bbox 807 916 842 938; x_wconf 85' lang='lat' dir='ltr'>ac</span> <span class='ocrx_word' id='word_1_75' title='bbox 866 905 906 938; x_wconf 87' lang='lat' dir='ltr'>ab</span> <span class='ocrx_word' id='word_1_76' title='bbox 927 904 1084 945; x_wconf 87' lang='lat' dir='ltr'>omnibus,</span> <span class='ocrx_word' id='word_1_77' title='bbox 1108 903 1147 936; x_wconf 85' lang='lat' dir='ltr'>ad</span> <span class='ocrx_word' id='word_1_78' title='bbox 1171 914 1250 947; x_wconf 88' lang='lat' dir='ltr'>quos</span> 
     </span>
     <span class='ocr_line' id='line_1_19' title="bbox 509 956 1251 1002; baseline -0.001 -12"><span class='ocrx_word' id='word_1_79' title='bbox 509 963 628 1001; x_wconf 86' lang='lat' dir='ltr'>spectat</span> <span class='ocrx_word' id='word_1_80' title='bbox 654 963 682 990; x_wconf 90' lang='lat' dir='ltr'>et</span> <span class='ocrx_word' id='word_1_81' title='bbox 698 969 757 1001; x_wconf 88' lang='lat' dir='ltr'>pro</span> <span class='ocrx_word' id='word_1_82' title='bbox 774 964 918 1002; x_wconf 87' lang='lat' dir='ltr'>tempore</span> <span class='ocrx_word' id='word_1_83' title='bbox 943 957 1106 1001; x_wconf 84' lang='lat' dir='ltr'>spectabit,</span> <span class='ocrx_word' id='word_1_84' title='bbox 1125 956 1251 989; x_wconf 83' lang='lat' dir='ltr'>inviola-</span> 
     </span>
     <span class='ocr_line' id='line_1_20' title="bbox 508 1010 1251 1055; baseline -0.001 -12"><span class='ocrx_word' id='word_1_85' title='bbox 508 1011 614 1044; x_wconf 88' lang='lat' dir='ltr'>biliter</span> <span class='ocrx_word' id='word_1_86' title='bbox 636 1011 815 1051; x_wconf 85' lang='lat' dir='ltr'>observari,</span> <span class='ocrx_word' id='word_1_87' title='bbox 831 1012 939 1055; x_wconf 89' lang='lat' dir='ltr'>sicque</span> <span class='ocrx_word' id='word_1_88' title='bbox 957 1011 987 1043; x_wconf 95' lang='lat' dir='ltr'>in</span> <span class='ocrx_word' id='word_1_89' title='bbox 996 1010 1175 1054; x_wconf 86' lang='lat' dir='ltr'>praemissis</span> <span class='ocrx_word' id='word_1_90' title='bbox 1193 1019 1251 1053; x_wconf 90' lang='lat' dir='ltr'>per</span> 
     </span>
     <span class='ocr_line' id='line_1_21' title="bbox 509 1063 1251 1108; baseline -0.003 -11"><span class='ocrx_word' id='word_1_91' title='bbox 509 1075 727 1108; x_wconf 79' lang='lat' dir='ltr'>quoscumque</span> <span class='ocrx_word' id='word_1_92' title='bbox 752 1065 870 1098; x_wconf 87' lang='lat' dir='ltr'>iudices</span> <span class='ocrx_word' id='word_1_93' title='bbox 888 1064 1065 1097; x_wconf 85' lang='lat' dir='ltr'>ordinarios</span> <span class='ocrx_word' id='word_1_94' title='bbox 1080 1069 1109 1096; x_wconf 88' lang='lat' dir='ltr'>et</span> <span class='ocrx_word' id='word_1_95' title='bbox 1126 1063 1251 1106; x_wconf 77' lang='lat' dir='ltr'>delega-</span> 
     </span>
     <span class='ocr_line' id='line_1_22' title="bbox 509 1117 1250 1162; baseline -0.001 -11"><span class='ocrx_word' id='word_1_96' title='bbox 509 1123 565 1161; x_wconf 90' lang='lat' dir='ltr'>tos,</span> <span class='ocrx_word' id='word_1_97' title='bbox 583 1118 675 1151; x_wconf 87' lang='lat' dir='ltr'>etiam</span> <span class='ocrx_word' id='word_1_98' title='bbox 695 1129 860 1151; x_wconf 75' lang='lat' dir='ltr'>causarum</span> <span class='ocrx_word' id='word_1_99' title='bbox 885 1119 993 1162; x_wconf 86' lang='lat' dir='ltr'>palatii</span> <span class='ocrx_word' id='word_1_100' title='bbox 1010 1117 1173 1162; x_wconf 84' lang='lat' dir='ltr'>apostolici</span> <span class='ocrx_word' id='word_1_101' title='bbox 1197 1127 1250 1150; x_wconf 89' lang='lat' dir='ltr'>au-</span> 
     </span>
     <span class='ocr_line' id='line_1_23' title="bbox 510 1171 1252 1212; baseline -0.003 -8"><span class='ocrx_word' id='word_1_102' title='bbox 510 1171 649 1211; x_wconf 82' lang='lat' dir='ltr'>ditores,</span> <span class='ocrx_word' id='word_1_103' title='bbox 679 1171 811 1204; x_wconf 87' lang='lat' dir='ltr'>iudicari</span> <span class='ocrx_word' id='word_1_104' title='bbox 841 1176 871 1204; x_wconf 88' lang='lat' dir='ltr'>et</span> <span class='ocrx_word' id='word_1_105' title='bbox 895 1171 1020 1204; x_wconf 84' lang='lat' dir='ltr'>definiri</span> <span class='ocrx_word' id='word_1_106' title='bbox 1051 1171 1183 1212; x_wconf 90' lang='lat' dir='ltr'>debere,</span> <span class='ocrx_word' id='word_1_107' title='bbox 1216 1180 1252 1203; x_wconf 87' lang='lat' dir='ltr'>ac</span> 
     </span>
     <span class='ocr_line' id='line_1_24' title="bbox 510 1224 1252 1268; baseline -0.003 -10"><span class='ocrx_word' id='word_1_108' title='bbox 510 1226 635 1258; x_wconf 88' lang='lat' dir='ltr'>irritum</span> <span class='ocrx_word' id='word_1_109' title='bbox 666 1231 696 1258; x_wconf 91' lang='lat' dir='ltr'>et</span> <span class='ocrx_word' id='word_1_110' title='bbox 714 1226 834 1265; x_wconf 79' lang='lat' dir='ltr'>inane,</span> <span class='ocrx_word' id='word_1_111' title='bbox 860 1226 884 1258; x_wconf 91' lang='lat' dir='ltr'>si</span> <span class='ocrx_word' id='word_1_112' title='bbox 911 1235 1000 1258; x_wconf 90' lang='lat' dir='ltr'>secus</span> <span class='ocrx_word' id='word_1_113' title='bbox 1034 1235 1128 1268; x_wconf 88' lang='lat' dir='ltr'>super</span> <span class='ocrx_word' id='word_1_114' title='bbox 1156 1224 1204 1256; x_wconf 90' lang='lat' dir='ltr'>his</span> <span class='ocrx_word' id='word_1_115' title='bbox 1235 1235 1252 1256; x_wconf 87' lang='lat' dir='ltr'>a</span> 
     </span>
     <span class='ocr_line' id='line_1_25' title="bbox 509 1278 1251 1322; baseline -0.001 -11"><span class='ocrx_word' id='word_1_116' title='bbox 509 1289 679 1322; x_wconf 89' lang='lat' dir='ltr'>quoquam,</span> <span class='ocrx_word' id='word_1_117' title='bbox 696 1279 805 1322; x_wconf 88' lang='lat' dir='ltr'>quavis</span> <span class='ocrx_word' id='word_1_118' title='bbox 825 1279 1020 1320; x_wconf 86' lang='lat' dir='ltr'>auctoritate,</span> <span class='ocrx_word' id='word_1_119' title='bbox 1046 1278 1180 1311; x_wconf 91' lang='lat' dir='ltr'>scienter</span> <span class='ocrx_word' id='word_1_120' title='bbox 1205 1278 1251 1311; x_wconf 89' lang='lat' dir='ltr'>vel</span> 
     </span>
     <span class='ocr_line' id='line_1_26' title="bbox 512 1331 1074 1374; baseline -0.002 -10"><span class='ocrx_word' id='word_1_121' title='bbox 512 1332 704 1374; x_wconf 75' lang='lat' dir='ltr'>ignoranter,</span> <span class='ocrx_word' id='word_1_122' title='bbox 725 1332 894 1374; x_wconf 75' lang='lat' dir='ltr'>contigerit</span> <span class='ocrx_word' id='word_1_123' title='bbox 918 1331 1074 1364; x_wconf 84' lang='lat' dir='ltr'>attentari.</span> 
     </span>
    </p>

    <p class='ocr_par' dir='ltr' id='par_1_6' title="bbox 511 1384 1261 2656">
     <span class='ocr_line' id='line_1_27' title="bbox 555 1384 1251 1429; baseline -0.003 -11"><span class='ocrx_word' id='word_1_124' title='bbox 555 1386 612 1429; x_wconf 57' lang='lat' dir='ltr'>§a</span> <span class='ocrx_word' id='word_1_125' title='bbox 631 1386 699 1419; x_wconf 88' lang='lat' dir='ltr'>Non</span> <span class='ocrx_word' id='word_1_126' title='bbox 725 1385 922 1418; x_wconf 76' lang='lat' dir='ltr'>obstantibus</span> <span class='ocrx_word' id='word_1_127' title='bbox 951 1384 1142 1428; x_wconf 78' lang='lat' dir='ltr'>praemissis,</span> <span class='ocrx_word' id='word_1_128' title='bbox 1157 1394 1192 1417; x_wconf 88' lang='lat' dir='ltr'>ac</span> <span class='ocrx_word' id='word_1_129' title='bbox 1209 1384 1251 1416; x_wconf 89' lang='lat' dir='ltr'>fe-</span> 
     </span>
     <span class='ocr_line' id='line_1_28' title="bbox 511 1437 1252 1481; baseline -0.003 -10"><span class='ocrx_word' id='word_1_130' title='bbox 511 1439 579 1471; x_wconf 82' lang='lat' dir='ltr'>licis</span> <span class='ocrx_word' id='word_1_131' title='bbox 612 1438 838 1472; x_wconf 84' lang='lat' dir='ltr'>recordationis</span> <span class='ocrx_word' id='word_1_132' title='bbox 872 1438 1021 1472; x_wconf 83' lang='lat' dir='ltr'>Bonifacii</span> <span class='ocrx_word' id='word_1_133' title='bbox 1055 1439 1156 1481; x_wconf 85' lang='lat' dir='ltr'>Papae</span> <span class='ocrx_word' id='word_1_134' title='bbox 1189 1437 1252 1470; x_wconf 77' lang='lat' dir='ltr'>VIII</span> 
     </span>
     <span class='ocr_line' id='line_1_29' title="bbox 512 1490 1253 1536; baseline -0.003 -12"><span class='ocrx_word' id='word_1_135' title='bbox 512 1493 763 1536; x_wconf 81' lang='lat' dir='ltr'>praedecessoris</span> <span class='ocrx_word' id='word_1_136' title='bbox 786 1493 884 1525; x_wconf 85' lang='lat' dir='ltr'>nostri</span> <span class='ocrx_word' id='word_1_137' title='bbox 911 1492 948 1525; x_wconf 92' lang='lat' dir='ltr'>de</span> <span class='ocrx_word' id='word_1_138' title='bbox 969 1493 1046 1531; x_wconf 72' lang='lat' dir='ltr'>una,</span> <span class='ocrx_word' id='word_1_139' title='bbox 1072 1497 1101 1524; x_wconf 90' lang='lat' dir='ltr'>et</span> <span class='ocrx_word' id='word_1_140' title='bbox 1130 1490 1253 1523; x_wconf 90' lang='lat' dir='ltr'>concilii</span> 
     </span>
     <span class='ocr_line' id='line_1_30' title="bbox 513 1544 1255 1587; baseline -0.003 -10"><span class='ocrx_word' id='word_1_141' title='bbox 513 1545 669 1587; x_wconf 81' lang='lat' dir='ltr'>generalis</span> <span class='ocrx_word' id='word_1_142' title='bbox 693 1546 730 1577; x_wconf 88' lang='lat' dir='ltr'>de</span> <span class='ocrx_word' id='word_1_143' title='bbox 755 1545 876 1577; x_wconf 84' lang='lat' dir='ltr'>duabus</span> <span class='ocrx_word' id='word_1_144' title='bbox 897 1545 998 1585; x_wconf 88' lang='lat' dir='ltr'>dietis,</span> <span class='ocrx_word' id='word_1_145' title='bbox 1018 1544 1190 1577; x_wconf 86' lang='lat' dir='ltr'>dummodo</span> <span class='ocrx_word' id='word_1_146' title='bbox 1215 1548 1255 1575; x_wconf 82' lang='lat' dir='ltr'>ta—</span> 
     </span>
     <span class='ocr_line' id='line_1_31' title="bbox 514 1597 1255 1641; baseline -0.003 -10"><span class='ocrx_word' id='word_1_147' title='bbox 514 1609 584 1631; x_wconf 87' lang='lat' dir='ltr'>men</span> <span class='ocrx_word' id='word_1_148' title='bbox 610 1599 692 1631; x_wconf 88' lang='lat' dir='ltr'>ultra</span> <span class='ocrx_word' id='word_1_149' title='bbox 717 1604 779 1631; x_wconf 85' lang='lat' dir='ltr'>tres</span> <span class='ocrx_word' id='word_1_150' title='bbox 812 1598 910 1630; x_wconf 88' lang='lat' dir='ltr'>dietas</span> <span class='ocrx_word' id='word_1_151' title='bbox 935 1598 1046 1641; x_wconf 88' lang='lat' dir='ltr'>aliquis</span> <span class='ocrx_word' id='word_1_152' title='bbox 1071 1597 1255 1630; x_wconf 86' lang='lat' dir='ltr'>auctoritate</span> 
     </span>
     <span class='ocr_line' id='line_1_32' title="bbox 513 1650 1254 1695; baseline -0.003 -11"><span class='ocrx_word' id='word_1_153' title='bbox 513 1652 726 1695; x_wconf 84' lang='lat' dir='ltr'>praesentium</span> <span class='ocrx_word' id='word_1_154' title='bbox 759 1652 789 1683; x_wconf 90' lang='lat' dir='ltr'>in</span> <span class='ocrx_word' id='word_1_155' title='bbox 814 1651 966 1684; x_wconf 88' lang='lat' dir='ltr'>iudicium</span> <span class='ocrx_word' id='word_1_156' title='bbox 998 1661 1059 1684; x_wconf 93' lang='lat' dir='ltr'>non</span> <span class='ocrx_word' id='word_1_157' title='bbox 1092 1650 1254 1691; x_wconf 87' lang='lat' dir='ltr'>trahatur,</span> 
     </span>
     <span class='ocr_line' id='line_1_33' title="bbox 514 1704 1256 1749; baseline -0.001 -12"><span class='ocrx_word' id='word_1_158' title='bbox 514 1705 645 1748; x_wconf 87' lang='lat' dir='ltr'>aliisque</span> <span class='ocrx_word' id='word_1_159' title='bbox 680 1704 881 1749; x_wconf 78' lang='lat' dir='ltr'>apostolicis,</span> <span class='ocrx_word' id='word_1_160' title='bbox 907 1716 941 1737; x_wconf 79' lang='lat' dir='ltr'>ac</span> <span class='ocrx_word' id='word_1_161' title='bbox 971 1704 1002 1736; x_wconf 91' lang='lat' dir='ltr'>in</span> <span class='ocrx_word' id='word_1_162' title='bbox 1027 1704 1256 1737; x_wconf 83' lang='lat' dir='ltr'>universalibus</span> 
     </span>
     <span class='ocr_line' id='line_1_34' title="bbox 513 1757 1256 1802; baseline -0.003 -11"><span class='ocrx_word' id='word_1_163' title='bbox 513 1758 821 1802; x_wconf 68' lang='lat' dir='ltr'>provincialibusque</span> <span class='ocrx_word' id='word_1_164' title='bbox 847 1757 986 1791; x_wconf 88' lang='lat' dir='ltr'>conciliis</span> <span class='ocrx_word' id='word_1_165' title='bbox 1004 1757 1104 1798; x_wconf 85' lang='lat' dir='ltr'>editis,</span> <span class='ocrx_word' id='word_1_166' title='bbox 1130 1767 1256 1799; x_wconf 83' lang='lat' dir='ltr'>genera-</span> 
     </span>
     <span class='ocr_line' id='line_1_35' title="bbox 513 1809 1256 1856; baseline -0.004 -11"><span class='ocrx_word' id='word_1_167' title='bbox 513 1812 595 1845; x_wconf 88' lang='lat' dir='ltr'>libus</span> <span class='ocrx_word' id='word_1_168' title='bbox 626 1813 673 1845; x_wconf 85' lang='lat' dir='ltr'>vel</span> <span class='ocrx_word' id='word_1_169' title='bbox 698 1811 895 1856; x_wconf 77' lang='lat' dir='ltr'>specialibus,</span> <span class='ocrx_word' id='word_1_170' title='bbox 921 1809 1199 1844; x_wconf 79' lang='lat' dir='ltr'>constitutionibus</span> <span class='ocrx_word' id='word_1_171' title='bbox 1226 1815 1256 1843; x_wconf 89' lang='lat' dir='ltr'>et</span> 
     </span>
     <span class='ocr_line' id='line_1_36' title="bbox 515 1864 1255 1908; baseline -0.003 -10"><span class='ocrx_word' id='word_1_172' title='bbox 515 1865 775 1905; x_wconf 78' lang='lat' dir='ltr'>ordinationibus,</span> <span class='ocrx_word' id='word_1_173' title='bbox 792 1875 926 1905; x_wconf 83' lang='lat' dir='ltr'>necnon,</span> <span class='ocrx_word' id='word_1_174' title='bbox 942 1869 1096 1908; x_wconf 86' lang='lat' dir='ltr'>quatenus</span> <span class='ocrx_word' id='word_1_175' title='bbox 1116 1874 1196 1907; x_wconf 88' lang='lat' dir='ltr'>opus</span> <span class='ocrx_word' id='word_1_176' title='bbox 1208 1864 1255 1905; x_wconf 90' lang='lat' dir='ltr'>sit,</span> 
     </span>
     <span class='ocr_line' id='line_1_37' title="bbox 516 1916 1256 1962; baseline -0.004 -10"><span class='ocrx_word' id='word_1_177' title='bbox 516 1918 768 1962; x_wconf 71' lang='lat' dir='ltr'>congregationis</span> <span class='ocrx_word' id='word_1_178' title='bbox 786 1923 815 1950; x_wconf 85' lang='lat' dir='ltr'>et</span> <span class='ocrx_word' id='word_1_179' title='bbox 839 1917 1045 1951; x_wconf 84' lang='lat' dir='ltr'>ordinationis</span> <span class='ocrx_word' id='word_1_180' title='bbox 1065 1916 1256 1957; x_wconf 88' lang='lat' dir='ltr'>huiusmodi,</span> 
     </span>
     <span class='ocr_line' id='line_1_38' title="bbox 516 1970 1255 2014; baseline -0.003 -9"><span class='ocrx_word' id='word_1_181' title='bbox 516 1973 608 2005; x_wconf 85' lang='lat' dir='ltr'>etiam</span> <span class='ocrx_word' id='word_1_182' title='bbox 634 1973 831 2012; x_wconf 84' lang='lat' dir='ltr'>iuramento,</span> <span class='ocrx_word' id='word_1_183' title='bbox 856 1970 1097 2004; x_wconf 82' lang='lat' dir='ltr'>confirmatione</span> <span class='ocrx_word' id='word_1_184' title='bbox 1124 1975 1255 2014; x_wconf 86' lang='lat' dir='ltr'>aposto-</span> 
     </span>
     <span class='ocr_line' id='line_1_39' title="bbox 516 2023 1256 2068; baseline -0.003 -10"><span class='ocrx_word' id='word_1_185' title='bbox 516 2026 592 2066; x_wconf 75' lang='lat' dir='ltr'>lica,</span> <span class='ocrx_word' id='word_1_186' title='bbox 617 2026 663 2058; x_wconf 87' lang='lat' dir='ltr'>vel</span> <span class='ocrx_word' id='word_1_187' title='bbox 691 2025 751 2058; x_wconf 71' lang='lat' dir='ltr'>alia</span> <span class='ocrx_word' id='word_1_188' title='bbox 780 2024 888 2068; x_wconf 66' lang='lat' dir='ltr'>(pravis</span> <span class='ocrx_word' id='word_1_189' title='bbox 914 2024 1062 2057; x_wconf 88' lang='lat' dir='ltr'>firmitate</span> <span class='ocrx_word' id='word_1_190' title='bbox 1090 2023 1256 2064; x_wconf 85' lang='lat' dir='ltr'>roboratis,</span> 
     </span>
     <span class='ocr_line' id='line_1_40' title="bbox 516 2077 1258 2121; baseline -0.004 -9"><span class='ocrx_word' id='word_1_191' title='bbox 516 2079 639 2112; x_wconf 88' lang='lat' dir='ltr'>statutis</span> <span class='ocrx_word' id='word_1_192' title='bbox 653 2084 682 2112; x_wconf 84' lang='lat' dir='ltr'>et</span> <span class='ocrx_word' id='word_1_193' title='bbox 695 2078 984 2118; x_wconf 80' lang='lat' dir='ltr'>consuetudinibus,</span> <span class='ocrx_word' id='word_1_194' title='bbox 998 2077 1170 2121; x_wconf 77' lang='lat' dir='ltr'>privilegiis</span> <span class='ocrx_word' id='word_1_195' title='bbox 1183 2088 1258 2120; x_wconf 88' lang='lat' dir='ltr'>quo-</span> 
     </span>
     <span class='ocr_line' id='line_1_41' title="bbox 517 2130 1258 2176; baseline -0.003 -11"><span class='ocrx_word' id='word_1_196' title='bbox 517 2143 587 2176; x_wconf 89' lang='lat' dir='ltr'>que,</span> <span class='ocrx_word' id='word_1_197' title='bbox 605 2132 733 2165; x_wconf 88' lang='lat' dir='ltr'>indultis</span> <span class='ocrx_word' id='word_1_198' title='bbox 750 2137 779 2165; x_wconf 88' lang='lat' dir='ltr'>et</span> <span class='ocrx_word' id='word_1_199' title='bbox 796 2131 908 2165; x_wconf 87' lang='lat' dir='ltr'>litteris</span> <span class='ocrx_word' id='word_1_200' title='bbox 933 2130 1123 2175; x_wconf 89' lang='lat' dir='ltr'>apostolicis,</span> <span class='ocrx_word' id='word_1_201' title='bbox 1142 2131 1172 2163; x_wconf 89' lang='lat' dir='ltr'>in</span> <span class='ocrx_word' id='word_1_202' title='bbox 1189 2140 1258 2163; x_wconf 87' lang='lat' dir='ltr'>con-</span> 
     </span>
     <span class='ocr_line' id='line_1_42' title="bbox 518 2184 1259 2230; baseline -0.004 -11"><span class='ocrx_word' id='word_1_203' title='bbox 518 2186 648 2219; x_wconf 88' lang='lat' dir='ltr'>trarium</span> <span class='ocrx_word' id='word_1_204' title='bbox 666 2185 912 2230; x_wconf 86' lang='lat' dir='ltr'>praemissorum</span> <span class='ocrx_word' id='word_1_205' title='bbox 922 2184 1170 2228; x_wconf 86' lang='lat' dir='ltr'>&#39;quomodolibet</span> <span class='ocrx_word' id='word_1_206' title='bbox 1189 2194 1259 2217; x_wconf 81' lang='lat' dir='ltr'>con-</span> 
     </span>
     <span class='ocr_line' id='line_1_43' title="bbox 519 2237 1258 2281; baseline -0.003 -9"><span class='ocrx_word' id='word_1_207' title='bbox 519 2240 631 2280; x_wconf 89' lang='lat' dir='ltr'>cessis,</span> <span class='ocrx_word' id='word_1_208' title='bbox 660 2238 855 2272; x_wconf 81' lang='lat' dir='ltr'>confirmatis</span> <span class='ocrx_word' id='word_1_209' title='bbox 883 2242 913 2272; x_wconf 91' lang='lat' dir='ltr'>et</span> <span class='ocrx_word' id='word_1_210' title='bbox 941 2237 1115 2277; x_wconf 77' lang='lat' dir='ltr'>innovatis;</span> <span class='ocrx_word' id='word_1_211' title='bbox 1143 2237 1258 2281; x_wconf 85' lang='lat' dir='ltr'>quibus</span> 
     </span>
     <span class='ocr_line' id='line_1_44' title="bbox 518 2291 1260 2335; baseline -0.001 -10"><span class='ocrx_word' id='word_1_212' title='bbox 518 2292 666 2326; x_wconf 88' lang='lat' dir='ltr'>omnibus</span> <span class='ocrx_word' id='word_1_213' title='bbox 681 2297 710 2325; x_wconf 88' lang='lat' dir='ltr'>et</span> <span class='ocrx_word' id='word_1_214' title='bbox 726 2292 867 2335; x_wconf 80' lang='lat' dir='ltr'>singulis,</span> <span class='ocrx_word' id='word_1_215' title='bbox 883 2291 1009 2325; x_wconf 88' lang='lat' dir='ltr'>illorum</span> <span class='ocrx_word' id='word_1_216' title='bbox 1027 2296 1152 2324; x_wconf 84' lang='lat' dir='ltr'>tenores</span> <span class='ocrx_word' id='word_1_217' title='bbox 1170 2301 1260 2334; x_wconf 89' lang='lat' dir='ltr'>prae-</span> 
     </span>
     <span class='ocr_line' id='line_1_45' title="bbox 519 2344 1260 2389; baseline -0.003 -11"><span class='ocrx_word' id='word_1_218' title='bbox 519 2346 658 2379; x_wconf 89' lang='lat' dir='ltr'>sentibus</span> <span class='ocrx_word' id='word_1_219' title='bbox 682 2355 740 2389; x_wconf 89' lang='lat' dir='ltr'>pro</span> <span class='ocrx_word' id='word_1_220' title='bbox 758 2345 849 2389; x_wconf 89' lang='lat' dir='ltr'>plene</span> <span class='ocrx_word' id='word_1_221' title='bbox 874 2350 903 2377; x_wconf 89' lang='lat' dir='ltr'>et</span> <span class='ocrx_word' id='word_1_222' title='bbox 928 2344 1119 2377; x_wconf 84' lang='lat' dir='ltr'>sufficienter</span> <span class='ocrx_word' id='word_1_223' title='bbox 1136 2354 1260 2388; x_wconf 87' lang='lat' dir='ltr'>expres-</span> 
     </span>
     <span class='ocr_line' id='line_1_46' title="bbox 519 2397 1260 2433; baseline -0.004 0"><span class='ocrx_word' id='word_1_224' title='bbox 519 2401 560 2433; x_wconf 83' lang='lat' dir='ltr'>sis</span> <span class='ocrx_word' id='word_1_225' title='bbox 577 2410 612 2433; x_wconf 92' lang='lat' dir='ltr'>ac</span> <span class='ocrx_word' id='word_1_226' title='bbox 629 2399 666 2433; x_wconf 84' lang='lat' dir='ltr'>de</span> <span class='ocrx_word' id='word_1_227' title='bbox 692 2399 788 2432; x_wconf 77' lang='lat' dir='ltr'>verbo</span> <span class='ocrx_word' id='word_1_228' title='bbox 805 2398 843 2431; x_wconf 89' lang='lat' dir='ltr'>ad</span> <span class='ocrx_word' id='word_1_229' title='bbox 859 2398 987 2431; x_wconf 78' lang='lat' dir='ltr'>verbum</span> <span class='ocrx_word' id='word_1_230' title='bbox 1003 2398 1126 2431; x_wconf 87' lang='lat' dir='ltr'>insertis</span> <span class='ocrx_word' id='word_1_231' title='bbox 1147 2397 1260 2430; x_wconf 86' lang='lat' dir='ltr'>haben-</span> 
     </span>
     <span class='ocr_line' id='line_1_47' title="bbox 521 2450 1259 2495; baseline -0.001 -11"><span class='ocrx_word' id='word_1_232' title='bbox 521 2459 574 2494; x_wconf 85' lang='lat' dir='ltr'>tes,</span> <span class='ocrx_word' id='word_1_233' title='bbox 600 2453 661 2485; x_wconf 84' lang='lat' dir='ltr'>illis</span> <span class='ocrx_word' id='word_1_234' title='bbox 681 2452 755 2484; x_wconf 70' lang='lat' dir='ltr'>alias</span> <span class='ocrx_word' id='word_1_235' title='bbox 773 2451 804 2484; x_wconf 93' lang='lat' dir='ltr'>in</span> <span class='ocrx_word' id='word_1_236' title='bbox 821 2462 878 2485; x_wconf 89' lang='lat' dir='ltr'>suo</span> <span class='ocrx_word' id='word_1_237' title='bbox 895 2451 1010 2484; x_wconf 86' lang='lat' dir='ltr'>robore</span> <span class='ocrx_word' id='word_1_238' title='bbox 1032 2450 1259 2495; x_wconf 83' lang='lat' dir='ltr'>permansuris,</span> 
     </span>
     <span class='ocr_line' id='line_1_48' title="bbox 519 2503 1261 2548; baseline -0.001 -11"><span class='ocrx_word' id='word_1_239' title='bbox 519 2505 557 2537; x_wconf 84' lang='lat' dir='ltr'>ad</span> <span class='ocrx_word' id='word_1_240' title='bbox 582 2505 828 2548; x_wconf 87' lang='lat' dir='ltr'>praemissorum</span> <span class='ocrx_word' id='word_1_241' title='bbox 847 2504 1004 2545; x_wconf 76' lang='lat' dir='ltr'>effectum,</span> <span class='ocrx_word' id='word_1_242' title='bbox 1022 2504 1080 2537; x_wconf 89' lang='lat' dir='ltr'>hac</span> <span class='ocrx_word' id='word_1_243' title='bbox 1094 2504 1160 2537; x_wconf 87' lang='lat' dir='ltr'>vice</span> <span class='ocrx_word' id='word_1_244' title='bbox 1174 2503 1261 2536; x_wconf 90' lang='lat' dir='ltr'>dum-</span> 
     </span>
     <span class='ocr_line' id='line_1_49' title="bbox 520 2557 1259 2602; baseline -0.001 -12"><span class='ocrx_word' id='word_1_245' title='bbox 520 2563 618 2598; x_wconf 84' lang='lat' dir='ltr'>taxat,</span> <span class='ocrx_word' id='word_1_246' title='bbox 640 2558 816 2601; x_wconf 83' lang='lat' dir='ltr'>specialiter</span> <span class='ocrx_word' id='word_1_247' title='bbox 840 2563 868 2591; x_wconf 90' lang='lat' dir='ltr'>et</span> <span class='ocrx_word' id='word_1_248' title='bbox 895 2568 1041 2602; x_wconf 80' lang='lat' dir='ltr'>expresse</span> <span class='ocrx_word' id='word_1_249' title='bbox 1060 2557 1259 2600; x_wconf 52' lang='lat' dir='ltr'>derogamus</span> 
     </span>
     <span class='ocr_line' id='line_1_50' title="bbox 521 2611 1172 2656; baseline -0.002 -12"><span class='ocrx_word' id='word_1_250' title='bbox 521 2612 694 2656; x_wconf 86' lang='lat' dir='ltr'>ceterisque</span> <span class='ocrx_word' id='word_1_251' title='bbox 720 2611 885 2644; x_wconf 86' lang='lat' dir='ltr'>contrariis</span> <span class='ocrx_word' id='word_1_252' title='bbox 910 2611 1172 2655; x_wconf 87' lang='lat' dir='ltr'>quibuscumque.</span> 
     </span>
    </p>
   </div>
   <div class='ocr_carea' id='block_1_5' title="bbox 1267 1125 1279 2617">
    <p class='ocr_par' dir='ltr' id='par_1_7' title="bbox 1267 1125 1279 2617">
     <span class='ocr_line' id='line_1_51' title="bbox 1267 1125 1279 2617; baseline 0 0"><span class='ocrx_word' id='word_1_253' title='bbox 1267 1125 1279 2617; x_wconf 95' lang='lat' dir='ltr'> </span> 
     </span>
    </p>
   </div>
   <div class='ocr_carea' id='block_1_6' title="bbox 1086 217 1443 242">
    <p class='ocr_par' dir='ltr' id='par_1_8' title="bbox 1086 217 1443 242">
     <span class='ocr_line' id='line_1_52' title="bbox 1086 217 1443 242; baseline 0.003 -2"><span class='ocrx_word' id='word_1_254' title='bbox 1086 217 1264 242; x_wconf 75' lang='lat' dir='ltr'>BULLARIUM</span> <span class='ocrx_word' id='word_1_255' title='bbox 1288 217 1443 242; x_wconf 73' lang='lat' dir='ltr'><strong>ROMANUM</strong></span> 
     </span>
    </p>
   </div>
   <div class='ocr_carea' id='block_1_7' title="bbox 1279 318 2023 841">
    <p class='ocr_par' dir='ltr' id='par_1_9' title="bbox 1279 318 2023 672">
     <span class='ocr_line' id='line_1_53' title="bbox 1280 318 2020 362; baseline 0.001 -12"><span class='ocrx_word' id='word_1_256' title='bbox 1280 318 1497 361; x_wconf 52' lang='lat' dir='ltr'>transumptis</span> <span class='ocrx_word' id='word_1_257' title='bbox 1522 318 1616 351; x_wconf 89' lang='lat' dir='ltr'>etiam</span> <span class='ocrx_word' id='word_1_258' title='bbox 1642 319 1815 362; x_wconf 88' lang='lat' dir='ltr'>impressis,</span> <span class='ocrx_word' id='word_1_259' title='bbox 1841 329 1934 352; x_wconf 89' lang='lat' dir='ltr'>manu</span> <span class='ocrx_word' id='word_1_260' title='bbox 1965 319 2020 351; x_wconf 78' lang='lat' dir='ltr'>ali-</span> 
     </span>
     <span class='ocr_line' id='line_1_54' title="bbox 1280 370 2020 416; baseline 0.001 -13"><span class='ocrx_word' id='word_1_261' title='bbox 1280 371 1368 404; x_wconf 90' lang='lat' dir='ltr'>cuius</span> <span class='ocrx_word' id='word_1_262' title='bbox 1385 370 1497 404; x_wconf 89' lang='lat' dir='ltr'>notarii</span> <span class='ocrx_word' id='word_1_263' title='bbox 1522 371 1639 415; x_wconf 88' lang='lat' dir='ltr'>publici</span> <span class='ocrx_word' id='word_1_264' title='bbox 1660 371 1858 416; x_wconf 78' lang='lat' dir='ltr'>subscriptiS,</span> <span class='ocrx_word' id='word_1_265' title='bbox 1875 375 1905 406; x_wconf 89' lang='lat' dir='ltr'>et</span> <span class='ocrx_word' id='word_1_266' title='bbox 1918 372 2020 415; x_wconf 80' lang='lat' dir='ltr'>sigillo</span> 
     </span>
     <span class='ocr_line' id='line_1_55' title="bbox 1279 424 2021 468; baseline 0.001 -12"><span class='ocrx_word' id='word_1_267' title='bbox 1279 424 1411 457; x_wconf 87' lang='lat' dir='ltr'>alicuius</span> <span class='ocrx_word' id='word_1_268' title='bbox 1429 434 1583 467; x_wconf 85' lang='lat' dir='ltr'>personae</span> <span class='ocrx_word' id='word_1_269' title='bbox 1598 424 1630 457; x_wconf 92' lang='lat' dir='ltr'>in</span> <span class='ocrx_word' id='word_1_270' title='bbox 1647 424 1857 458; x_wconf 74' lang='lat' dir='ltr'>ecclesiastica</span> <span class='ocrx_word' id='word_1_271' title='bbox 1871 424 2021 468; x_wconf 82' lang='lat' dir='ltr'>dignitate</span> 
     </span>
     <span class='ocr_line' id='line_1_56' title="bbox 1279 476 2022 521; baseline 0 -11"><span class='ocrx_word' id='word_1_272' title='bbox 1279 476 1464 511; x_wconf 89' lang='lat' dir='ltr'>constitutae</span> <span class='ocrx_word' id='word_1_273' title='bbox 1489 477 1627 518; x_wconf 87' lang='lat' dir='ltr'>munitis,</span> <span class='ocrx_word' id='word_1_274' title='bbox 1652 477 1760 510; x_wconf 87' lang='lat' dir='ltr'>eadem</span> <span class='ocrx_word' id='word_1_275' title='bbox 1788 487 1920 521; x_wconf 86' lang='lat' dir='ltr'>prorsus</span> <span class='ocrx_word' id='word_1_276' title='bbox 1944 477 2022 511; x_wconf 88' lang='lat' dir='ltr'>fides</span> 
     </span>
     <span class='ocr_line' id='line_1_57' title="bbox 1280 530 2022 576; baseline 0.001 -13"><span class='ocrx_word' id='word_1_277' title='bbox 1280 530 1310 563; x_wconf 93' lang='lat' dir='ltr'>in</span> <span class='ocrx_word' id='word_1_278' title='bbox 1335 530 1451 564; x_wconf 90' lang='lat' dir='ltr'>iudicio</span> <span class='ocrx_word' id='word_1_279' title='bbox 1469 534 1499 564; x_wconf 91' lang='lat' dir='ltr'>et</span> <span class='ocrx_word' id='word_1_280' title='bbox 1522 536 1608 564; x_wconf 89' lang='lat' dir='ltr'>extra</span> <span class='ocrx_word' id='word_1_281' title='bbox 1631 531 1707 564; x_wconf 87' lang='lat' dir='ltr'>illud</span> <span class='ocrx_word' id='word_1_282' title='bbox 1723 531 1920 574; x_wconf 82' lang='lat' dir='ltr'>adhibeatur,</span> <span class='ocrx_word' id='word_1_283' title='bbox 1940 542 2022 576; x_wconf 87' lang='lat' dir='ltr'>quae</span> 
     </span>
     <span class='ocr_line' id='line_1_58' title="bbox 1280 584 2023 628; baseline 0.003 -12"><span class='ocrx_word' id='word_1_284' title='bbox 1280 584 1357 627; x_wconf 86' lang='lat' dir='ltr'>ipsis</span> <span class='ocrx_word' id='word_1_285' title='bbox 1390 585 1609 628; x_wconf 88' lang='lat' dir='ltr'>praesentibus</span> <span class='ocrx_word' id='word_1_286' title='bbox 1637 585 1850 626; x_wconf 86' lang='lat' dir='ltr'>adhiberetur,</span> <span class='ocrx_word' id='word_1_287' title='bbox 1874 585 1899 618; x_wconf 90' lang='lat' dir='ltr'>si</span> <span class='ocrx_word' id='word_1_288' title='bbox 1919 585 2023 619; x_wconf 86' lang='lat' dir='ltr'>forent</span> 
     </span>
     <span class='ocr_line' id='line_1_59' title="bbox 1281 637 1685 672; baseline 0.005 -3"><span class='ocrx_word' id='word_1_289' title='bbox 1281 637 1437 670; x_wconf 86' lang='lat' dir='ltr'>exhibitae</span> <span class='ocrx_word' id='word_1_290' title='bbox 1461 639 1509 671; x_wconf 88' lang='lat' dir='ltr'>vel</span> <span class='ocrx_word' id='word_1_291' title='bbox 1533 644 1685 672; x_wconf 87' lang='lat' dir='ltr'>ostensae.</span> 
     </span>
    </p>

    <p class='ocr_par' dir='ltr' id='par_1_10' title="bbox 1282 690 2022 841">
     <span class='ocr_line' id='line_1_60' title="bbox 1325 690 2022 735; baseline 0.001 -12"><span class='ocrx_word' id='word_1_292' title='bbox 1325 690 1436 724; x_wconf 88' lang='lat' dir='ltr'>Datum</span> <span class='ocrx_word' id='word_1_293' title='bbox 1454 691 1581 732; x_wconf 87' lang='lat' dir='ltr'>Romae,</span> <span class='ocrx_word' id='word_1_294' title='bbox 1595 691 1678 735; x_wconf 85' lang='lat' dir='ltr'>apud</span> <span class='ocrx_word' id='word_1_295' title='bbox 1695 692 1724 726; x_wconf 86' lang='lat' dir='ltr'>S.</span> <span class='ocrx_word' id='word_1_296' title='bbox 1743 692 1881 732; x_wconf 89' lang='lat' dir='ltr'>Petrum,</span> <span class='ocrx_word' id='word_1_297' title='bbox 1899 691 1956 725; x_wconf 92' lang='lat' dir='ltr'>sub</span> <span class='ocrx_word' id='word_1_298' title='bbox 1972 702 2022 724; x_wconf 90' lang='lat' dir='ltr'>an-</span> 
     </span>
     <span class='ocr_line' id='line_1_61' title="bbox 1282 743 2021 785; baseline 0.003 -9"><span class='ocrx_word' id='word_1_299' title='bbox 1282 743 1357 777; x_wconf 91' lang='lat' dir='ltr'>nulo</span> <span class='ocrx_word' id='word_1_300' title='bbox 1383 744 1561 785; x_wconf 79' lang='lat' dir='ltr'>piscatoris,</span> <span class='ocrx_word' id='word_1_301' title='bbox 1590 744 1640 777; x_wconf 87' lang='lat' dir='ltr'>die</span> <span class='ocrx_word' id='word_1_302' title='bbox 1663 755 1706 778; x_wconf 86' lang='lat' dir='ltr'>xx</span> <span class='ocrx_word' id='word_1_303' title='bbox 1732 745 1835 779; x_wconf 91' lang='lat' dir='ltr'>martii</span> <span class='ocrx_word' id='word_1_304' title='bbox 1864 743 2021 785; x_wconf 68' lang='lat' dir='ltr'>Mnccvu¹,</span> 
     </span>
     <span class='ocr_line' id='line_1_62' title="bbox 1282 796 1755 841; baseline 0.002 -12"><span class='ocrx_word' id='word_1_305' title='bbox 1282 796 1483 841; x_wconf 85' lang='lat' dir='ltr'>pontificatus</span> <span class='ocrx_word' id='word_1_306' title='bbox 1504 797 1603 832; x_wconf 86' lang='lat' dir='ltr'>nostri</span> <span class='ocrx_word' id='word_1_307' title='bbox 1622 807 1704 831; x_wconf 89' lang='lat' dir='ltr'>anno</span> <span class='ocrx_word' id='word_1_308' title='bbox 1724 808 1755 832; x_wconf 86' lang='lat' dir='ltr'>n.</span> 
     </span>
    </p>
   </div>
   <div class='ocr_carea' id='block_1_8' title="bbox 1319 859 1944 895">
    <p class='ocr_par' dir='ltr' id='par_1_11' title="bbox 1319 859 1944 895">
     <span class='ocr_line' id='line_1_63' title="bbox 1319 859 1944 895; baseline -0.002 -8"><span class='ocrx_word' id='word_1_309' title='bbox 1319 859 1378 887; x_wconf 86' lang='lat' dir='ltr'>Dat.</span> <span class='ocrx_word' id='word_1_310' title='bbox 1395 859 1439 887; x_wconf 86' lang='lat' dir='ltr'>die</span> <span class='ocrx_word' id='word_1_311' title='bbox 1458 860 1493 887; x_wconf 73' lang='lat'>20</span> <span class='ocrx_word' id='word_1_312' title='bbox 1508 860 1596 888; x_wconf 90' lang='lat' dir='ltr'>martii</span> <span class='ocrx_word' id='word_1_313' title='bbox 1614 860 1692 894; x_wconf 85' lang='lat'>1657,</span> <span class='ocrx_word' id='word_1_314' title='bbox 1708 860 1803 895; x_wconf 77' lang='lat' dir='ltr'>pontif.</span> <span class='ocrx_word' id='word_1_315' title='bbox 1825 868 1895 887; x_wconf 91' lang='lat' dir='ltr'>anno</span> <span class='ocrx_word' id='word_1_316' title='bbox 1914 867 1944 888; x_wconf 78' lang='grc' dir='ltr'>ιι.</span> 
     </span>
    </p>
   </div>
   <div class='ocr_carea' id='block_1_9' title="bbox 1560 927 1744 931">
    <p class='ocr_par' dir='ltr' id='par_1_12' title="bbox 1560 927 1744 931">
     <span class='ocr_line' id='line_1_64' title="bbox 1560 927 1744 931; baseline 0 0"><span class='ocrx_word' id='word_1_317' title='bbox 1560 927 1744 931; x_wconf 95' lang='lat' dir='ltr'> </span> 
     </span>
    </p>
   </div>
   <div class='ocr_carea' id='block_1_10' title="bbox 1564 1002 1716 1047">
    <p class='ocr_par' dir='ltr' id='par_1_13' title="bbox 1564 1002 1716 1047">
     <span class='ocr_line' id='line_1_65' title="bbox 1564 1002 1716 1047; baseline -0.013 -11"><span class='ocrx_word' id='word_1_318' title='bbox 1564 1044 1568 1047; x_wconf 44' lang='grc'><strong>,</strong></span> <span class='ocrx_word' id='word_1_319' title='bbox 1594 1002 1716 1036; x_wconf 68' lang='lat' dir='ltr'>cxcix.</span> 
     </span>
    </p>
   </div>
   <div class='ocr_carea' id='block_1_11' title="bbox 1286 1082 2027 1231">
    <p class='ocr_par' dir='ltr' id='par_1_14' title="bbox 1286 1082 2027 1231">
     <span class='ocr_line' id='line_1_66' title="bbox 1286 1082 2025 1118; baseline -0.004 0"><span class='ocrx_word' id='word_1_320' title='bbox 1286 1085 1351 1118; x_wconf 79' lang='lat' dir='ltr'>Pro</span> <span class='ocrx_word' id='word_1_321' title='bbox 1376 1083 1526 1117; x_wconf 77' lang='lat' dir='ltr'>electione</span> <span class='ocrx_word' id='word_1_322' title='bbox 1539 1083 1757 1116; x_wconf 77' lang='lat' dir='ltr'>consultorum</span> <span class='ocrx_word' id='word_1_323' title='bbox 1772 1087 1800 1115; x_wconf 84' lang='lat' dir='ltr'>et</span> <span class='ocrx_word' id='word_1_324' title='bbox 1817 1082 1935 1116; x_wconf 78' lang='lat' dir='ltr'>arbitri</span> <span class='ocrx_word' id='word_1_325' title='bbox 1950 1082 2025 1116; x_wconf 77' lang='lat' dir='ltr'>Con-</span> 
     </span>
     <span class='ocr_line' id='line_1_67' title="bbox 1329 1135 2027 1180; baseline 0 -12"><span class='ocrx_word' id='word_1_326' title='bbox 1329 1136 1529 1180; x_wconf 63' lang='lat' dir='ltr'>slreqatz&#39;om&#39;s</span> <span class='ocrx_word' id='word_1_327' title='bbox 1544 1137 1733 1169; x_wconf 78' lang='lat' dir='ltr'>clericorum</span> <span class='ocrx_word' id='word_1_328' title='bbox 1747 1135 1953 1179; x_wconf 58' lang='lat' dir='ltr'>regularium</span> <span class='ocrx_word' id='word_1_329' title='bbox 1965 1135 2027 1168; x_wconf 84' lang='lat' dir='ltr'>Mi-</span> 
     </span>
     <span class='ocr_line' id='line_1_68' title="bbox 1331 1189 1723 1231; baseline -0.003 -9"><span class='ocrx_word' id='word_1_330' title='bbox 1331 1190 1547 1222; x_wconf 76' lang='lat' dir='ltr'>m‘strantium</span> <span class='ocrx_word' id='word_1_331' title='bbox 1565 1189 1723 1231; x_wconf 78' lang='lat' dir='ltr'>Infirmis.</span> 
     </span>
    </p>
   </div>
   <div class='ocr_carea' id='block_1_12' title="bbox 1429 1269 1884 1340">
    <p class='ocr_par' dir='ltr' id='par_1_15' title="bbox 1429 1269 1884 1340">
     <span class='ocr_line' id='line_1_69' title="bbox 1480 1269 1830 1303; baseline 0.003 -8"><span class='ocrx_word' id='word_1_332' title='bbox 1480 1270 1648 1296; x_wconf 81' lang='lat' dir='ltr'>Alexander</span> <span class='ocrx_word' id='word_1_333' title='bbox 1668 1269 1747 1303; x_wconf 84' lang='lat' dir='ltr'>Papa</span> <span class='ocrx_word' id='word_1_334' title='bbox 1767 1269 1830 1300; x_wconf 83' lang='lat' dir='ltr'>vu,</span> 
     </span>
     <span class='ocr_line' id='line_1_70' title="bbox 1429 1313 1884 1340; baseline -0.002 0"><span class='ocrx_word' id='word_1_335' title='bbox 1429 1313 1465 1340; x_wconf 84' lang='lat' dir='ltr'>ad</span> <span class='ocrx_word' id='word_1_336' title='bbox 1488 1313 1620 1340; x_wconf 81' lang='lat' dir='ltr'>futuram</span> <span class='ocrx_word' id='word_1_337' title='bbox 1640 1313 1684 1340; x_wconf 85' lang='lat' dir='ltr'>rei</span> <span class='ocrx_word' id='word_1_338' title='bbox 1704 1315 1884 1340; x_wconf 84' lang='lat' dir='ltr'>memoriam.</span> 
     </span>
    </p>
   </div>
   <div class='ocr_carea' id='block_1_13' title="bbox 1288 1382 2034 2592">
    <p class='ocr_par' dir='ltr' id='par_1_16' title="bbox 1288 1382 2030 1907">
     <span class='ocr_line' id='line_1_71' title="bbox 1333 1382 2027 1427; baseline 0 -11"><span class='ocrx_word' id='word_1_339' title='bbox 1333 1383 1500 1417; x_wconf 85' lang='lat' dir='ltr'>Pastoralis</span> <span class='ocrx_word' id='word_1_340' title='bbox 1522 1383 1617 1416; x_wconf 84' lang='lat' dir='ltr'>officii</span> <span class='ocrx_word' id='word_1_341' title='bbox 1642 1382 1811 1416; x_wconf 86' lang='lat' dir='ltr'>humilitati</span> <span class='ocrx_word' id='word_1_342' title='bbox 1828 1387 1954 1416; x_wconf 88' lang='lat' dir='ltr'>nostrae</span> <span class='ocrx_word' id='word_1_343' title='bbox 1969 1394 2027 1427; x_wconf 89' lang='lat' dir='ltr'>per</span> 
     </span>
     <span class='ocr_line' id='line_1_72' title="bbox 1288 1435 2029 1470; baseline 0 -1"><span class='ocrx_word' id='word_1_344' title='bbox 1288 1436 1510 1470; x_wconf 85' lang='lat' dir='ltr'>abundantiam</span> <span class='ocrx_word' id='word_1_345' title='bbox 1535 1435 1657 1469; x_wconf 80' lang='lat' dir='ltr'>divinae</span> <span class='ocrx_word' id='word_1_346' title='bbox 1681 1436 1829 1469; x_wconf 87' lang='lat' dir='ltr'>bonitatis</span> <span class='ocrx_word' id='word_1_347' title='bbox 1845 1436 1932 1470; x_wconf 88' lang='lat' dir='ltr'>nullo</span> <span class='ocrx_word' id='word_1_348' title='bbox 1956 1436 2029 1469; x_wconf 88' lang='lat' dir='ltr'>licet</span> 
     </span>
     <span class='ocr_line' id='line_1_73' title="bbox 1289 1489 2028 1534; baseline 0 -12"><span class='ocrx_word' id='word_1_349' title='bbox 1289 1490 1476 1523; x_wconf 89' lang='lat' dir='ltr'>meritorum</span> <span class='ocrx_word' id='word_1_350' title='bbox 1501 1494 1682 1523; x_wconf 87' lang='lat' dir='ltr'>nostrorum</span> <span class='ocrx_word' id='word_1_351' title='bbox 1708 1489 1859 1533; x_wconf 79' lang='lat' dir='ltr'>suffragio</span> <span class='ocrx_word' id='word_1_352' title='bbox 1887 1489 2028 1534; x_wconf 89' lang='lat' dir='ltr'>impositi</span> 
     </span>
     <span class='ocr_line' id='line_1_74' title="bbox 1289 1543 2030 1587; baseline 0 -11"><span class='ocrx_word' id='word_1_353' title='bbox 1289 1543 1466 1577; x_wconf 87' lang='lat' dir='ltr'>sollicitudo</span> <span class='ocrx_word' id='word_1_354' title='bbox 1489 1554 1547 1576; x_wconf 87' lang='lat' dir='ltr'>nos</span> <span class='ocrx_word' id='word_1_355' title='bbox 1571 1543 1728 1583; x_wconf 89' lang='lat' dir='ltr'>admonet,</span> <span class='ocrx_word' id='word_1_356' title='bbox 1752 1546 1786 1577; x_wconf 90' lang='lat' dir='ltr'>ut</span> <span class='ocrx_word' id='word_1_357' title='bbox 1810 1543 2030 1587; x_wconf 81' lang='lat' dir='ltr'>congregatio-</span> 
     </span>
     <span class='ocr_line' id='line_1_75' title="bbox 1289 1596 2028 1641; baseline 0.003 -12"><span class='ocrx_word' id='word_1_358' title='bbox 1289 1596 1381 1629; x_wconf 89' lang='lat' dir='ltr'>nibus</span> <span class='ocrx_word' id='word_1_359' title='bbox 1406 1596 1627 1639; x_wconf 83' lang='lat' dir='ltr'>religiosorum</span> <span class='ocrx_word' id='word_1_360' title='bbox 1652 1596 1803 1639; x_wconf 86' lang='lat' dir='ltr'>virorum,</span> <span class='ocrx_word' id='word_1_361' title='bbox 1823 1596 1861 1629; x_wconf 91' lang='lat' dir='ltr'>ad</span> <span class='ocrx_word' id='word_1_362' title='bbox 1886 1596 2028 1641; x_wconf 87' lang='lat' dir='ltr'>omnipo-</span> 
     </span>
     <span class='ocr_line' id='line_1_76' title="bbox 1290 1649 2029 1694; baseline 0.003 -13"><span class='ocrx_word' id='word_1_363' title='bbox 1290 1649 1381 1682; x_wconf 81' lang='lat' dir='ltr'>tentis</span> <span class='ocrx_word' id='word_1_364' title='bbox 1406 1649 1460 1682; x_wconf 88' lang='lat' dir='ltr'>Dei</span> <span class='ocrx_word' id='word_1_365' title='bbox 1484 1649 1617 1692; x_wconf 82' lang='lat' dir='ltr'>gloriam</span> <span class='ocrx_word' id='word_1_366' title='bbox 1643 1649 1881 1694; x_wconf 88' lang='lat' dir='ltr'>exhibendaque</span> <span class='ocrx_word' id='word_1_367' title='bbox 1906 1649 2029 1683; x_wconf 87' lang='lat' dir='ltr'>christi-</span> 
     </span>
     <span class='ocr_line' id='line_1_77' title="bbox 1290 1703 2028 1747; baseline 0.001 -11"><span class='ocrx_word' id='word_1_368' title='bbox 1290 1703 1437 1736; x_wconf 85' lang='lat' dir='ltr'>fidelibus</span> <span class='ocrx_word' id='word_1_369' title='bbox 1458 1703 1619 1736; x_wconf 80' lang='lat' dir='ltr'>charitatis</span> <span class='ocrx_word' id='word_1_370' title='bbox 1636 1703 1737 1737; x_wconf 82' lang='lat' dir='ltr'>officia</span> <span class='ocrx_word' id='word_1_371' title='bbox 1754 1703 1804 1747; x_wconf 90' lang='lat' dir='ltr'>pie</span> <span class='ocrx_word' id='word_1_372' title='bbox 1817 1703 1976 1745; x_wconf 89' lang='lat' dir='ltr'>institutis,</span> <span class='ocrx_word' id='word_1_373' title='bbox 1990 1704 2028 1738; x_wconf 90' lang='lat' dir='ltr'>de</span> 
     </span>
     <span class='ocr_line' id='line_1_78' title="bbox 1290 1756 2028 1800; baseline 0.003 -11"><span class='ocrx_word' id='word_1_374' title='bbox 1290 1756 1411 1790; x_wconf 86' lang='lat' dir='ltr'>idoneis</span> <span class='ocrx_word' id='word_1_375' title='bbox 1436 1756 1605 1798; x_wconf 88' lang='lat' dir='ltr'>ministris,</span> <span class='ocrx_word' id='word_1_376' title='bbox 1629 1757 1682 1800; x_wconf 88' lang='lat' dir='ltr'>qui</span> <span class='ocrx_word' id='word_1_377' title='bbox 1708 1767 1817 1790; x_wconf 88' lang='lat' dir='ltr'>earum</span> <span class='ocrx_word' id='word_1_378' title='bbox 1843 1756 2028 1792; x_wconf 87' lang='lat' dir='ltr'>utilitatibus</span> 
     </span>
     <span class='ocr_line' id='line_1_79' title="bbox 1290 1810 2028 1854; baseline 0.003 -12"><span class='ocrx_word' id='word_1_379' title='bbox 1290 1810 1398 1843; x_wconf 90' lang='lat' dir='ltr'>sedulo</span> <span class='ocrx_word' id='word_1_380' title='bbox 1423 1810 1596 1853; x_wconf 76' lang='lat' dir='ltr'>invigilent,</span> <span class='ocrx_word' id='word_1_381' title='bbox 1613 1820 1850 1853; x_wconf 88' lang='lat' dir='ltr'>nonnunquam,</span> <span class='ocrx_word' id='word_1_382' title='bbox 1866 1815 1960 1854; x_wconf 90' lang='lat' dir='ltr'>prout</span> <span class='ocrx_word' id='word_1_383' title='bbox 1977 1821 2028 1844; x_wconf 89' lang='lat' dir='ltr'>res</span> 
     </span>
     <span class='ocr_line' id='line_1_80' title="bbox 1291 1863 1912 1907; baseline 0.002 -11"><span class='ocrx_word' id='word_1_384' title='bbox 1291 1868 1319 1897; x_wconf 86' lang='lat' dir='ltr'>et</span> <span class='ocrx_word' id='word_1_385' title='bbox 1345 1869 1486 1907; x_wconf 82' lang='lat' dir='ltr'>tempora</span> <span class='ocrx_word' id='word_1_386' title='bbox 1511 1869 1654 1907; x_wconf 86' lang='lat' dir='ltr'>poscunt,</span> <span class='ocrx_word' id='word_1_387' title='bbox 1680 1863 1912 1907; x_wconf 84' lang='lat' dir='ltr'>provideamus.</span> 
     </span>
    </p>

    <p class='ocr_par' dir='ltr' id='par_1_17' title="bbox 1291 1916 2034 2592">
     <span class='ocr_line' id='line_1_81' title="bbox 1335 1916 2028 1960; baseline 0.003 -11"><span class='ocrx_word' id='word_1_388' title='bbox 1335 1918 1349 1960; x_wconf 66' lang='grc' dir='ltr'>ἓ</span> <span class='ocrx_word' id='word_1_389' title='bbox 1378 1917 1402 1949; x_wconf 88' lang='lat' dir='ltr'>l.</span> <span class='ocrx_word' id='word_1_390' title='bbox 1428 1917 1504 1950; x_wconf 88' lang='lat' dir='ltr'>Cum</span> <span class='ocrx_word' id='word_1_391' title='bbox 1536 1917 1661 1960; x_wconf 87' lang='lat' dir='ltr'>itaque,</span> <span class='ocrx_word' id='word_1_392' title='bbox 1687 1917 1766 1950; x_wconf 85' lang='lat' dir='ltr'>sicut</span> <span class='ocrx_word' id='word_1_393' title='bbox 1791 1916 1922 1951; x_wconf 84' lang='lat' dir='ltr'>dilectus</span> <span class='ocrx_word' id='word_1_394' title='bbox 1945 1916 2028 1951; x_wconf 84' lang='lat' dir='ltr'>filius</span> 
     </span>
     <span class='ocr_line' id='line_1_82' title="bbox 1292 1970 2030 2013; baseline 0 -9"><span class='ocrx_word' id='word_1_395' title='bbox 1292 1970 1433 2004; x_wconf 84' lang='lat' dir='ltr'>Sanctius</span> <span class='ocrx_word' id='word_1_396' title='bbox 1447 1971 1677 2011; x_wconf 71' lang='lat' dir='ltr'>Caeciamanus,</span> <span class='ocrx_word' id='word_1_397' title='bbox 1695 1970 1954 2013; x_wconf 82' lang='lat' dir='ltr'>Congregationis</span> <span class='ocrx_word' id='word_1_398' title='bbox 1971 1971 2030 2004; x_wconf 87' lang='lat' dir='ltr'>cle-</span> 
     </span>
     <span class='ocr_line' id='line_1_83' title="bbox 1292 2023 2030 2067; baseline 0 -10"><span class='ocrx_word' id='word_1_399' title='bbox 1292 2025 1431 2058; x_wconf 80' lang='lat' dir='ltr'>ricorum</span> <span class='ocrx_word' id='word_1_400' title='bbox 1457 2024 1651 2067; x_wconf 78' lang='lat' dir='ltr'>regularium</span> <span class='ocrx_word' id='word_1_401' title='bbox 1676 2023 1919 2057; x_wconf 85' lang='lat' dir='ltr'>Ministrantium</span> <span class='ocrx_word' id='word_1_402' title='bbox 1944 2024 2030 2057; x_wconf 83' lang='lat' dir='ltr'>Infir-</span> 
     </span>
     <span class='ocr_line' id='line_1_84' title="bbox 1293 2077 2029 2121; baseline 0.003 -12"><span class='ocrx_word' id='word_1_403' title='bbox 1293 2078 1350 2110; x_wconf 90' lang='lat' dir='ltr'>mis</span> <span class='ocrx_word' id='word_1_404' title='bbox 1374 2082 1630 2121; x_wconf 85' lang='lat' dir='ltr'>nuncupatorum</span> <span class='ocrx_word' id='word_1_405' title='bbox 1646 2077 1845 2121; x_wconf 87' lang='lat' dir='ltr'>praepositus</span> <span class='ocrx_word' id='word_1_406' title='bbox 1865 2077 2029 2121; x_wconf 82' lang='lat' dir='ltr'>generalis,</span> 
     </span>
     <span class='ocr_line' id='line_1_85' title="bbox 1291 2130 2032 2175; baseline 0.001 -11"><span class='ocrx_word' id='word_1_407' title='bbox 1291 2131 1382 2164; x_wconf 90' lang='lat' dir='ltr'>nohis</span> <span class='ocrx_word' id='word_1_408' title='bbox 1406 2141 1507 2174; x_wconf 89' lang='lat' dir='ltr'>nuper</span> <span class='ocrx_word' id='word_1_409' title='bbox 1532 2131 1644 2175; x_wconf 80' lang='lat' dir='ltr'>exponi</span> <span class='ocrx_word' id='word_1_410' title='bbox 1668 2130 1754 2172; x_wconf 82' lang='lat' dir='ltr'>fecit,</span> <span class='ocrx_word' id='word_1_411' title='bbox 1775 2130 1944 2175; x_wconf 87' lang='lat' dir='ltr'>capitulum</span> <span class='ocrx_word' id='word_1_412' title='bbox 1970 2141 2032 2175; x_wconf 83' lang='lat' dir='ltr'>ge—</span> 
     </span>
     <span class='ocr_line' id='line_1_86' title="bbox 1292 2183 2032 2228; baseline 0 -11"><span class='ocrx_word' id='word_1_413' title='bbox 1292 2184 1398 2217; x_wconf 86' lang='lat' dir='ltr'>nerale</span> <span class='ocrx_word' id='word_1_414' title='bbox 1422 2184 1562 2217; x_wconf 88' lang='lat' dir='ltr'>eiusdem</span> <span class='ocrx_word' id='word_1_415' title='bbox 1587 2183 1846 2227; x_wconf 80' lang='lat' dir='ltr'>Congregationis</span> <span class='ocrx_word' id='word_1_416' title='bbox 1864 2184 1963 2228; x_wconf 90' lang='lat' dir='ltr'>(quod</span> <span class='ocrx_word' id='word_1_417' title='bbox 1981 2184 2032 2218; x_wconf 85' lang='lat' dir='ltr'>die</span> 
     </span>
     <span class='ocr_line' id='line_1_87' title="bbox 1292 2237 2032 2281; baseline 0.001 -11"><span class='ocrx_word' id='word_1_418' title='bbox 1292 2248 1323 2271; x_wconf 83' lang='lat' dir='ltr'>iv</span> <span class='ocrx_word' id='word_1_419' title='bbox 1355 2237 1428 2270; x_wconf 85' lang='lat' dir='ltr'>maii</span> <span class='ocrx_word' id='word_1_420' title='bbox 1460 2238 1605 2281; x_wconf 85' lang='lat' dir='ltr'>proxime</span> <span class='ocrx_word' id='word_1_421' title='bbox 1635 2238 1758 2270; x_wconf 77' lang='lat' dir='ltr'>venturi</span> <span class='ocrx_word' id='word_1_422' title='bbox 1792 2248 1851 2281; x_wconf 91' lang='lat' dir='ltr'>pro</span> <span class='ocrx_word' id='word_1_423' title='bbox 1880 2238 2032 2272; x_wconf 87' lang='lat' dir='ltr'>electione</span> 
     </span>
     <span class='ocr_line' id='line_1_88' title="bbox 1292 2290 2032 2337; baseline 0.003 -14"><span class='ocrx_word' id='word_1_424' title='bbox 1292 2296 1426 2335; x_wconf 86' lang='lat' dir='ltr'>quatuor</span> <span class='ocrx_word' id='word_1_425' title='bbox 1446 2291 1662 2324; x_wconf 89' lang='lat' dir='ltr'>consultorum</span> <span class='ocrx_word' id='word_1_426' title='bbox 1677 2296 1707 2337; x_wconf 85' lang='lat' dir='ltr'>et</span> <span class='ocrx_word' id='word_1_427' title='bbox 1719 2291 1830 2324; x_wconf 86' lang='lat' dir='ltr'>arbitri</span> <span class='ocrx_word' id='word_1_428' title='bbox 1844 2290 1941 2335; x_wconf 89' lang='lat' dir='ltr'>ipsius</span> <span class='ocrx_word' id='word_1_429' title='bbox 1954 2291 2032 2325; x_wconf 88' lang='lat' dir='ltr'>Con-</span> 
     </span>
     <span class='ocr_line' id='line_1_89' title="bbox 1293 2344 2034 2387; baseline 0.001 -10"><span class='ocrx_word' id='word_1_430' title='bbox 1293 2344 1495 2387; x_wconf 78' lang='lat' dir='ltr'>gregationis,</span> <span class='ocrx_word' id='word_1_431' title='bbox 1514 2344 1599 2377; x_wconf 88' lang='lat' dir='ltr'>iuxta</span> <span class='ocrx_word' id='word_1_432' title='bbox 1619 2344 1859 2378; x_wconf 86' lang='lat' dir='ltr'>constitutiones</span> <span class='ocrx_word' id='word_1_433' title='bbox 1879 2344 1963 2378; x_wconf 91' lang='lat' dir='ltr'>illius</span> <span class='ocrx_word' id='word_1_434' title='bbox 1982 2354 2034 2378; x_wconf 88' lang='lat' dir='ltr'>au-</span> 
     </span>
     <span class='ocr_line' id='line_1_90' title="bbox 1293 2397 2033 2441; baseline 0 -10"><span class='ocrx_word' id='word_1_435' title='bbox 1293 2398 1437 2431; x_wconf 89' lang='lat' dir='ltr'>ctoritate</span> <span class='ocrx_word' id='word_1_436' title='bbox 1465 2398 1637 2441; x_wconf 73' lang='lat' dir='ltr'>apostolica</span> <span class='ocrx_word' id='word_1_437' title='bbox 1664 2397 1865 2431; x_wconf 86' lang='lat' dir='ltr'>confirmatas</span> <span class='ocrx_word' id='word_1_438' title='bbox 1892 2408 1928 2431; x_wconf 87' lang='lat' dir='ltr'>ac</span> <span class='ocrx_word' id='word_1_439' title='bbox 1951 2397 2033 2431; x_wconf 90' lang='lat' dir='ltr'>eius-</span> 
     </span>
     <span class='ocr_line' id='line_1_91' title="bbox 1294 2450 2034 2495; baseline -0.001 -11"><span class='ocrx_word' id='word_1_440' title='bbox 1294 2451 1365 2484; x_wconf 83' lang='lat' dir='ltr'>dem</span> <span class='ocrx_word' id='word_1_441' title='bbox 1403 2450 1661 2494; x_wconf 81' lang='lat' dir='ltr'>Congregationis</span> <span class='ocrx_word' id='word_1_442' title='bbox 1688 2450 1923 2495; x_wconf 85' lang='lat' dir='ltr'>provinciarum</span> <span class='ocrx_word' id='word_1_443' title='bbox 1954 2450 2034 2483; x_wconf 91' lang='lat' dir='ltr'>divi-</span> 
     </span>
     <span class='ocr_line' id='line_1_92' title="bbox 1295 2503 2034 2548; baseline 0.001 -12"><span class='ocrx_word' id='word_1_444' title='bbox 1295 2504 1415 2537; x_wconf 86' lang='lat' dir='ltr'>sionem</span> <span class='ocrx_word' id='word_1_445' title='bbox 1447 2515 1464 2536; x_wconf 86' lang='lat' dir='ltr'>a</span> <span class='ocrx_word' id='word_1_446' title='bbox 1496 2503 1587 2537; x_wconf 92' lang='lat' dir='ltr'>nobis</span> <span class='ocrx_word' id='word_1_447' title='bbox 1619 2514 1676 2548; x_wconf 89' lang='lat' dir='ltr'>per</span> <span class='ocrx_word' id='word_1_448' title='bbox 1705 2503 1856 2548; x_wconf 86' lang='lat' dir='ltr'>quasdam</span> <span class='ocrx_word' id='word_1_449' title='bbox 1885 2503 1916 2537; x_wconf 91' lang='lat' dir='ltr'>in</span> <span class='ocrx_word' id='word_1_450' title='bbox 1940 2503 2034 2537; x_wconf 89' lang='lat' dir='ltr'>simili</span> 
     </span>
     <span class='ocr_line' id='line_1_93' title="bbox 1296 2557 2033 2592; baseline 0 -2"><span class='ocrx_word' id='word_1_451' title='bbox 1296 2558 1395 2590; x_wconf 78' lang='lat' dir='ltr'>forma</span> <span class='ocrx_word' id='word_1_452' title='bbox 1420 2558 1526 2591; x_wconf 88' lang='lat' dir='ltr'>Brevis</span> <span class='ocrx_word' id='word_1_453' title='bbox 1551 2557 1599 2591; x_wconf 90' lang='lat' dir='ltr'>die</span> <span class='ocrx_word' id='word_1_454' title='bbox 1631 2567 1696 2592; x_wconf 85' lang='lat' dir='ltr'>xxn</span> <span class='ocrx_word' id='word_1_455' title='bbox 1725 2557 1905 2591; x_wconf 84' lang='lat' dir='ltr'>novembris</span> <span class='ocrx_word' id='word_1_456' title='bbox 1929 2567 2033 2592; x_wconf 67' lang='lat' dir='ltr'>Mncnv</span> 
     </span>
    </p>
   </div>
   <div class='ocr_carea' id='block_1_14' title="bbox 1329 2619 1891 2656">
    <p class='ocr_par' dir='ltr' id='par_1_18' title="bbox 1329 2619 1891 2656">
     <span class='ocr_line' id='line_1_94' title="bbox 1329 2619 1891 2656; baseline -0.002 -9"><span class='ocrx_word' id='word_1_457' title='bbox 1329 2620 1342 2647; x_wconf 62' lang='lat'>&lt;1</span> <span class='ocrx_word' id='word_1_458' title='bbox 1361 2619 1426 2647; x_wconf 84' lang='lat' dir='ltr'>Male</span> <span class='ocrx_word' id='word_1_459' title='bbox 1443 2619 1505 2648; x_wconf 89' lang='lat' dir='ltr'>edit.</span> <span class='ocrx_word' id='word_1_460' title='bbox 1523 2619 1605 2648; x_wconf 86' lang='lat' dir='ltr'>Main.</span> <span class='ocrx_word' id='word_1_461' title='bbox 1622 2619 1686 2656; x_wconf 85' lang='lat' dir='ltr'>legit</span> <span class='ocrx_word' id='word_1_462' title='bbox 1703 2619 1772 2648; x_wconf 79' lang='lat'><strong><em>1656</em></strong></span> <span class='ocrx_word' id='word_1_463' title='bbox 1787 2621 1823 2655; x_wconf 76' lang='lat' dir='ltr'>(R.</span> <span class='ocrx_word' id='word_1_464' title='bbox 1840 2619 1891 2655; x_wconf 83' lang='lat' dir='ltr'>T.).</span> 
     </span>
    </p>
   </div>
   <div class='ocr_carea' id='block_1_15' title="bbox 2025 218 2202 251">
    <p class='ocr_par' dir='ltr' id='par_1_19' title="bbox 2025 218 2202 251">
     <span class='ocr_line' id='line_1_95' title="bbox 2025 218 2202 251; baseline 0.034 -7"><span class='ocrx_word' id='word_1_465' title='bbox 2025 218 2075 245; x_wconf 79' lang='lat' dir='ltr'>An.</span> <span class='ocrx_word' id='word_1_466' title='bbox 2095 218 2125 246; x_wconf 87' lang='lat' dir='ltr'>C.</span> <span class='ocrx_word' id='word_1_467' title='bbox 2142 219 2202 251; x_wconf 76' lang='lat'>¹657</span> 
     </span>
    </p>
   </div>
   <div class='ocr_carea' id='block_1_16' title="bbox 1324 264 2236 328">
    <p class='ocr_par' dir='ltr' id='par_1_20' title="bbox 1324 264 2236 328">
     <span class='ocr_line' id='line_1_96' title="bbox 1324 264 2236 327; baseline 0.002 -30"><span class='ocrx_word' id='word_1_468' title='bbox 1324 264 1391 308; x_wconf 60' lang='lat'>§6</span> <span class='ocrx_word' id='word_1_469' title='bbox 1417 265 1568 298; x_wconf 79' lang='lat' dir='ltr'>Volumus</span> <span class='ocrx_word' id='word_1_470' title='bbox 1600 271 1703 297; x_wconf 85' lang='lat' dir='ltr'>autem</span> <span class='ocrx_word' id='word_1_471' title='bbox 1740 272 1772 297; x_wconf 85' lang='lat' dir='ltr'>ut</span> <span class='ocrx_word' id='word_1_472' title='bbox 1804 266 2032 309; x_wconf 13' lang='lat' dir='ltr'>praesentium,</span> <span class='ocrx_word' id='word_1_473' title='bbox 2068 280 2208 327; x_wconf 58' lang='lat' dir='ltr'>rrggsumpio.</span> <span class='ocrx_word' id='word_1_474' title='bbox 2235 274 2236 279; x_wconf 61' lang='lat'>¹</span> 
     </span>
     <span class='ocr_line' id='line_1_97' title="bbox 2034 311 2150 328; baseline 0.017 -2"><span class='ocrx_word' id='word_1_475' title='bbox 2034 311 2079 328; x_wconf 73' lang='lat' dir='ltr'>rum</span> <span class='ocrx_word' id='word_1_476' title='bbox 2123 312 2150 328; x_wconf 69' lang='grc' dir='ltr'>ΕΒ.</span> 
     </span>
    </p>
   </div>
   <div class='ocr_carea' id='block_1_17' title="bbox 2067 1393 2215 1418">
    <p class='ocr_par' dir='ltr' id='par_1_21' title="bbox 2067 1393 2215 1418">
     <span class='ocr_line' id='line_1_98' title="bbox 2067 1393 2215 1418; baseline 0.014 -3"><span class='ocrx_word' id='word_1_477' title='bbox 2067 1393 2183 1418; x_wconf 71' lang='lat' dir='ltr'>Exordium.</span> <span class='ocrx_word' id='word_1_478' title='bbox 2213 1397 2215 1407; x_wconf 75' lang='lat'><strong>⁴</strong></span> 
     </span>
    </p>
   </div>
   <div class='ocr_carea' id='block_1_18' title="bbox 2069 1924 2152 1946">
    <p class='ocr_par' dir='ltr' id='par_1_22' title="bbox 2069 1924 2152 1946">
     <span class='ocr_line' id='line_1_99' title="bbox 2069 1924 2152 1946; baseline -0.012 0"><span class='ocrx_word' id='word_1_479' title='bbox 2069 1924 2152 1946; x_wconf 76' lang='lat' dir='ltr'>Motiva.</span> 
     </span>
    </p>
   </div>
   <div class='ocr_carea' id='block_1_19' title="bbox 2235 0 2263 122">
    <p class='ocr_par' dir='ltr' id='par_1_23' title="bbox 2235 0 2263 122">
     <span class='ocr_line' id='line_1_100' title="bbox 2235 0 2263 122; baseline 0 -12"><span class='ocrx_word' id='word_1_480' title='bbox 2235 0 2263 122; x_wconf 76' lang='lat' dir='ltr'>l</span> 
     </span>
    </p>
   </div>
   <div class='ocr_carea' id='block_1_20' title="bbox 2206 118 2239 143">
    <p class='ocr_par' dir='ltr' id='par_1_24' title="bbox 2206 118 2239 143">
     <span class='ocr_line' id='line_1_101' title="bbox 2206 118 2239 143; baseline 0 -8"><span class='ocrx_word' id='word_1_481' title='bbox 2206 138 2210 143; x_wconf 92' lang='lat'>.</span> <span class='ocrx_word' id='word_1_482' title='bbox 2235 118 2239 135; x_wconf 68' lang='lat' dir='ltr'>l</span> 
     </span>
    </p>
   </div>
  </div>
 </body>
</html>
