2243 3205
867 156 960 179 ianm
988 155 1091 178 nentia
1643 141 1707 174 789

211 209 363 243 Bosnensi
393 209 637 253 archiepiscopo
669 207 822 242 asseritur
847 208 1024 241 iurisdictio
1057 207 1089 239 in
1114 206 1278 249 regulares
1304 207 1387 240 circa
1412 216 1461 239 res
1487 216 1596 239 curam
1629 205 1752 238 anima-

299 273 370 296 rum
397 269 634 303 concernentes,
662 261 726 295 635
751 261 767 293 b
792 267 822 294 et
847 272 907 303 seq.

211 316 302 349 Bulla
326 316 445 351 Coenae
468 316 692 361 promulgatur
717 315 755 347 ab
781 314 960 349 Alexandro
985 314 1047 349 th,
1074 312 1136 345 442
1162 324 1180 345 ιι
1207 319 1234 346 et
1261 324 1322 356 seq.

213 370 303 403 Bulla
328 370 576 404 canonizationis
601 369 630 403 S.
657 369 796 402 Thomae
821 369 859 400 de
884 367 1057 403 villanova,
1082 365 1145 399 396
1172 365 1197 398 b.

975 554 1000 587 (1

214 690 336 724 Caelius
362 689 486 722 Bichius
511 698 679 721 causarum
704 687 785 721 sacri
812 686 920 730 palatii
947 685 1113 730 apostolici
1142 685 1280 725 auditor,
1309 685 1350 718 39
1376 697 1407 718 (ι.

214 743 527 785 Caesaraugustanus
559 741 819 786 archiepiscopus
851 740 1008 783 gabellam
1043 739 1178 782 imponit
1211 748 1307 781 super
1339 748 1491 780 personas
1525 738 1755 771 ecclesiasticas

304 797 372 830 sine
397 796 598 839 beneplacito
624 795 714 828 Sedis
740 793 952 838 Apostolicae,
978 792 1021 824 14
1040 803 1072 831 (ι’,
1098 791 1138 823 ob
1165 792 1223 824 hoc
1250 791 1281 823 in
1306 802 1459 824 censuras
1486 791 1607 831 incidit,
1631 791 1713 831 ibidss,
1738 802 1755 824 a

304 850 420 894 quibus
446 849 632 889 absolvitur,
660 849 748 889 2'01'd.;
772 847 873 881 eidem
901 846 1083 884 mandatur7
1110 850 1145 877 ut
1171 844 1313 877 absolvat
1338 844 1601 878 communitatem
1628 850 1658 876 et
1682 844 1756 876 civi-

304 909 419 943 tatem,
448 903 491 935 44
515 903 550 942 ἰν,
575 902 785 935 absolvuntur
809 900 904 934 etiam
930 910 947 932 a
972 898 1115 932 censuris
1140 898 1316 941 capitulum
1343 903 1374 931 et
1398 898 1541 931 canonici
1577 898 1608 930 B.
1638 896 1756 930 Mariae

304 956 342 989 de
366 956 461 989 Pilari
487 956 756 999 Caesaraugustae
781 955 821 987 ob
847 963 995 987 recursus
1015 952 1054 985 ad
1076 952 1197 985 iudices
1222 952 1338 992 laicos,
1363 954 1458 984 causa
1483 952 1641 994 pendente
1668 951 1757 984 inde-

303 1010 370 1042 cisa
395 1010 426 1042 in
454 1019 542 1042 sacra
568 1009 648 1042 Rota
673 1009 825 1048 Romana,
851 1005 893 1039 38
919 1017 956 1046 113
981 1006 1039 1038 hos
1065 1005 1249 1038 absolvendi
1270 1005 1401 1038 facultas
1419 1003 1632 1037 committitur
1655 1004 1756 1036 Caelio

304 1063 430 1104 Bichio,
455 1062 496 1095 39
519 1074 559 1103 a;
585 1062 849 1106 archiepiscopus
875 1060 1188 1102 Caesaraugustanus
1213 1059 1404 1092 admonetur
1429 1069 1467 1091 ne
1501 1058 1538 1090 ad
1571 1057 1756 1091 solvendam

305 1117 461 1160 gabellam
488 1116 677 1160 permissam
702 1115 934 1149 ecclesiasticos
959 1114 1088 1156 obliget,
1107 1112 1166 1145 nisi
1192 1112 1291 1156 petito
1317 1112 1445 1156 capituli
1468 1122 1644 1152 consensu,
1665 1110 1706 1144 75
1727 1110 1756 1151 b;

305 1170 483 1204 absolvitur
509 1171 682 1213 capitulum
709 1170 813 1202 dictae
839 1168 975 1202 civitatis
1004 1167 1045 1200 ob
1070 1176 1222 1200 recursus
1248 1165 1287 1198 ad
1313 1165 1437 1198 iudices
1460 1166 1558 1198 laicos
1591 1166 1621 1198 in
1655 1164 1758 1197 causis

304 1224 460 1258 rotalibus
486 1223 710 1268 pendentibus,
735 1222 798 1255 167
825 1223 852 1255 b.

216 1277 372 1311 Caesarini
399 1277 591 1321 (Philippus)
616 1287 700 1310 unus
725 1287 762 1309 ex
788 1281 927 1320 quatuor
950 1275 1072 1308 nuntiis
1097 1273 1357 1306 extraordinariis
1384 1273 1491 1306 missis
1516 1283 1532 1304 a
1553 1271 1585 1304 S.
1604 1272 1759 1305 Pontifice

307 1331 346 1363 ad
371 1330 590 1373 excipiendam
617 1330 757 1373 reginam
785 1329 911 1363 Srceiae
936 1329 1070 1361 Romam
1097 1326 1286 1364 venientem,
1312 1324 1352 1358 88
1374 1337 1404 1358 a.

216 1384 377 1418 Calatrava
402 1383 468 1427 (de)
495 1384 606 1416 militia
631 1383 847 1417 Cisterciensis
873 1381 1009 1421 Ordinis,
1034 1379 1097 1413 (392
1118 1391 1155 1419 α’,
1182 1379 1344 1423 impositio
1366 1390 1462 1422 super
1486 1379 1571 1412 illius
1597 1388 1760 1412 commen-

305 1437 354 1470 dis
379 1447 437 1481 pro
461 1436 579 1470 fabrica
604 1436 755 1470 ecclesiae
780 1442 811 1469 et
836 1435 1018 1469 monasterii
1046 1435 1121 1478 regii
1149 1433 1334 1467 monialium
1365 1433 1590 1476 Conceptionis
1610 1432 1643 1465 B.
1661 1433 1699 1465 111.
1723 1432 1757 1464 V.

308 1491 535 1523 Immaculatae
560 1490 669 1533 oppidi
695 1489 819 1523 Madriti
846 1489 877 1521 in
905 1488 1084 1532 Hispaniae,
1113 1487 1188 1520 ibid.

218 1544 512 1578 camaldulensium
539 1544 743 1587 congregatio
769 1543 896 1577 Ordinis
921 1542 953 1575 S.
982 1540 1155 1581 Benedicti,
1184 1539 1248 1573 240
1274 1540 1310 1581 I);
1337 1540 1479 1573 conversi
1497 1550 1536 1572 ne
1559 1539 1762 1583 recipiantur,

306 1598 361 1631 sed
378 1598 474 1630 oblati
492 1607 602 1630 eorum
621 1603 725 1641 partes
746 1597 934 1640 suppleant,
952 1595 1009 1628 ’141
1033 1606 1063 1636 (ι,
1091 1593 1149 1626 241
1172 1605 1191 1626 (ι
1210 1599 1238 1626 ct
1259 1604 1310 1636 seq
1333 1605 1340 1633 ·‚
1366 1592 1628 1626 commendatarii
1646 1593 1760 1626 horum

308 1651 575 1684 monasteriorum
607 1656 770 1693 nequeunt
801 1660 834 1682 se
867 1649 1009 1691 ingerere
1041 1648 1072 1680 in
1102 1646 1312 1680 electionibus
1340 1647 1526 1679 eorumdem
1556 1645 1759 1686 officialium,

307 1703 373 1736 264
389 1714 408 1736 a
425 1709 456 1737 et
472 1714 547 1747 seq.;
566 1703 742 1747 capitulum
762 1702 910 1746 gencrale
930 1701 984 1734 fiat
1002 1701 1040 1733 de
1059 1699 1280 1743 quinquennio
1303 1698 1333 1731 in
1352 1698 1624 1742 quinquennium,
1644 1697 1708 1730 552
1728 1709 1763 1738 (ι’,

307 1756 476 1800 productio
509 1748 661 1800 temporis
692 1755 913 1789 celebrationis
939 1755 1065 1798 capituli
1100 1753 1257 1797 generalis
1291 1758 1321 1785 et
1353 1752 1476 1791 dietae,
1506 1751 1601 1791 ibids,
1636 1750 1762 1784 licentia

308 1809 481 1854 recipiendi
505 1820 578 1842 eum
611 1815 838 1843 conversorum
872 1819 1064 1848 numerum,
1096 1818 1160 1850 quo
1186 1816 1266 1850 opus
1291 1805 1472 1846 habuerint,
1502 1804 1564 1838 758
1589 1805 1617 1838 b.

223 1863 372 1898 Gamerae
396 1864 590 1907 apostolicae
615 1863 738 1898 clericis
763 1862 928 1907 privilegia
954 1861 1081 1900 collata,
1106 1860 1141 1893 911
1172 1860 1188 1891 b
1213 1864 1243 1892 et
1267 1869 1328 1902 seq.

222 1917 372 1951 Camillus
397 1916 547 1957 Astalius‚
574 1916 604 1950 S.
633 1917 669 1950 R.
697 1917 730 1950 E.
756 1916 939 1955 cardinalis,
966 1915 1119 1949 ecclesiae
1145 1913 1344 1946 Cataniensis
1369 1913 1509 1955 praesul,
1536 1911 1602 1944 744
1625 1922 1656 1944 a.

220 1970 366 2004 Canonici
393 1971 422 2003 S.
451 1969 578 2003 loannis
604 1969 830 2003 Lateranensis
856 1969 896 2002 de
921 1968 1002 2002 Urbe
1028 1973 1175 2001 tenentur
1199 1977 1234 1999 cx
1260 1966 1487 1999 constitutione
1507 1965 1675 1999 Clementis
1696 1965 1761 1998 Vttt

308 2023 431 2057 solvere
457 2023 660 2056 medietatem
687 2023 848 2056 fructuum
874 2021 968 2065 primi
995 2021 1067 2054 anni
1093 2031 1225 2054 suorum
1247 2020 1494 2053 canonicatuum
1520 2019 1658 2052 fabricae
1679 2019 1763 2052 eius-

309 2077 381 2110 dem
406 2077 557 2110 eeclesiae
582 2075 646 2109 323
671 2088 708 2118 (ι;
734 2077 992 2110 constitutionem
1019 2075 1148 2108 innovat
1165 2074 1344 2107 Alexander
1361 2074 1411 2106 Vll
1437 2079 1466 2106 et
1491 2073 1629 2106 extendit
1656 2074 1695 2106 ad
1714 2073 1763 2106 be-

308 2131 474 2164 neficiatos
498 2136 529 2164 et
554 2131 697 2170 clericos,
723 2129 786 2163 323
813 2130 840 2162 b.

222 2184 374 2218 Canonici
400 2183 563 2227 regulares
589 2183 619 2217 S.
647 2183 815 2227 Augustini
841 2183 1104 2227 Congregationis
1130 2182 1355 2225 Portugalliae‚
1381 2180 1444 2214 388
1469 2189 1509 2221 α’,
1536 2180 1683 2213 canonici
1708 2191 1760 2213 re·-

312 2238 438 2281 gulares
462 2237 514 2270 SS.
540 2237 722 2277 Salvatoris,
748 2236 813 2270 254
837 2248 873 2278 (ι;
908 2236 1051 2281 ipsorum
1085 2235 1291 2278 congregatio
1324 2235 1356 2267 in
1388 2231 1579 2268 Bononiensi
1610 2233 1764 2265 canonica

311 2290 403 2334 erigit
430 2291 599 2334 collegium
625 2291 655 2324 S.
683 2291 851 2324 Alexandri
876 2290 1015 2323 Clusium
1036 2287 1289 2332 nuncupandum
1311 2288 1340 2320 in
1360 2287 1552 2330 obsequium
1578 2297 1651 2328 erga
1677 2285 1766 2318 Sum·

311 2354 398 2377 mum
422 2343 610 2377 Pontificem
636 2343 847 2377 Alexandrum
866 2344 915 2377 Vll
943 2343 1082 2377 Chisium
1108 2347 1342 2386 nuncupatum,
1360 2341 1450 2381 r'b1·‹l.;
1475 2339 1534 2372 sub
1552 2339 1669 2383 quibus
1691 2349 1766 2372 con-

312 2390 509 2437 ditionibus,
535 2396 611 2430 ibid.

225 2449 373 2484 Canonici
400 2451 562 2494 regulares
587 2449 617 2482 S.
646 2450 814 2494 Augustini
846 2450 876 2483 in
901 2449 1115 2493 Portugallia‚
1146 2447 1210 2480 5388
1236 2459 1274 2487 (13
1300 2447 1496 2491 prohibitum
1523 2445 1643 2480 extrahi
1669 2445 1766 2479 libros

313 2515 349 2537 ex
380 2504 494 2537 horum
518 2502 711 2537 bibliotheca
736 2503 770 2536 in
795 2514 894 2547 regno
918 2502 1150 2545 portugalliae,
1175 2501 1271 2541 2‘l›1·‹l.;
1296 2501 1488 2534 reformatur
1513 2499 1688 2544 capitulum
1712 2509 1766 2541 ge-

312 2558 418 2592 nerale
443 2557 547 2591 dictae
571 2558 832 2602 congregationis
850 2557 1071 2601 Portugalliac,
1096 2555 1159 2589 389
1184 2565 1222 2591 (ι’,
1248 2555 1355 2588 nullus
1382 2555 1483 2588 dictae
1507 2552 1765 2597 congregationis
