2263 3215
289 178 337 205 An.
360 177 474 206 (3.1656
519 168 582 203 186
1076 181 1254 207 BULLARtUM
1280 182 1434 208 Romnum

488 238 594 261 zorres
619 228 708 270 regni
729 228 939 271 Portugalliae
957 229 1109 273 praedicti
1128 231 1226 264 nostri
1262 235 1388 275 praeter
1419 241 1515 264 unum
1544 230 1743 275 postmodum
1780 230 1810 263 in
1845 230 2000 264 vicariurn

489 280 614 314 Ordinis
627 280 665 313 de
683 280 887 314 Observantia
901 282 1032 316 salutem
1048 283 1077 315 in
1095 283 1228 317 Domino
1262 284 1486 328 provincialem
1513 283 1657 324 electum,
1679 288 1709 316 et
1733 283 1793 316 hoc
1817 294 1834 315 a
1858 283 2002 316 diffinito«

489 333 724 377 sempiternam.
1264 337 1351 369 ribus
1379 337 1418 369 ab
1443 336 1511 380 ipso
1535 341 1727 369 convocante
1752 335 1914 378 illegitime
1931 336 2003 369 sub-

534 386 689 420 Noveritis
713 397 772 430 pro
801 392 892 431 parte
923 393 953 420 et
981 389 1019 421 ad
1051 389 1227 423 instantiam
1265 389 1401 431 rogatis,
1431 388 1787 431 reclamanteglegitimo
1819 388 2002 431 provinciali

491 438 595 472 dilecti
618 438 649 471 in
671 439 794 473 Christo
818 440 915 483 patris
935 441 1041 474 fratris
1065 442 1189 476 Antonii
1215 453 1231 474 a
1264 451 1300 474 ac
1324 441 1544 474 definitoribus
1568 440 1742 473 actualibus
1766 445 1839 473 tunc
1874 445 2004 484 propter

492 491 607 532 Gratia,
627 490 853 535 praedicatoris
885 498 916 526 et
942 493 1078 526 ministri
1102 495 1231 538 provin·
1247 486 1250 537 l
1266 493 1446 526 violentiam
1467 494 1497 526 in
1516 497 1672 527 conventu
1692 493 1722 526 S.
1740 492 1904 536 Augustini
1923 502 2006 526 com-

493 544 700 586 cialiselecti
732 545 898 589 ipsiusmet
922 546 1123 590 provinciae,
1148 540 1250 591 prae-¹
1267 546 1473 579 morantibus.
1500 547 1567 590 lpse
1594 546 1729 579 vicarius
1747 545 1947 590 provincialis
1964 545 2007 578 in·

493 602 647 630 sentatum
673 598 767 632 fuisse
785 600 970 633 memoriale
987 599 1144 643 quoddam
1163 610 1232 632 san·
1268 604 1372 631 trusus
1398 599 1425 631 vi
1451 609 1612 632 armorum
1637 609 1672 632 ac
1708 603 1793 632 metu
1817 597 1923 630 omnia
1947 597 2006 630 sibi

495 651 634 685 ctissime
666 653 794 686 domino
830 658 939 686 nostro
975 653 1151 686 Alexandro
1184 653 1233 685 Vll
1268 651 1505 694 subigendum¹‚
1523 652 1717 696 provinciam
1736 651 1766 683 in
1784 653 1839 683 sua
1856 653 2008 694 potestate

496 705 613 739 tenoris
638 706 808 749 sequentis,
835 706 987 740 videlicet:
1251 711 1252 717 ¹
1270 706 1434 747 continuit,
1452 712 1554 750 atque,
1576 711 1716 739 extracto
1733 715 1749 738 e
1770 715 1896 738 carcere
1912 705 2008 737 fratre

540 758 597 801 §3
617 771 629 790 «
646 758 837 792 Beatissime¹
852 759 952 792 Pater.
964 759 1236 792 Frater-Antonius
1252 797 1254 807 ι
1270 759 1468 793 Ferdinando
1492 771 1509 793 a
1528 759 1748 803 Conceptione„
1769 759 1854 792 misit
1878 757 1923 791 uti
1940 768 2010 802 pro-

495 823 513 844 a
537 812 653 853 Gratia,
667 813 867 856 praedicator
878 819 907 845 et
925 814 1041 846 electus
1057 813 1237 856 provinciae
1272 817 1449 845 curatorem
1485 813 1523 845 ad
1556 813 1646 845 istam
1679 812 1798 845 curiam
1823 811 1882 844 sub
1907 810 2010 854 sigillo

497 864 525 898 S.
552 866 675 898 Ioannis
700 866 916 908 Evangelistae
933 865 1106 899 insularum
1124 866 1161 899 de
1183 867 1237 898 ΑΖ·
1272 866 1452 909 provinciae
1476 866 1599 899 noviter
1623 876 1640 898 a
1664 875 1696 898 se
1720 870 1848 909 aperto:
1872 874 1934 897 non
1959 864 2011 897 ob-

497 929 603 951 zorres
620 919 774 961 regularis
794 919 1016 952 Observantiae
1030 920 1128 952 sancti
1146 920 1238 951 Fran-
1272 919 1424 953 stantibus
1449 919 1713 963 appellationibus
1733 923 1763 953 et
1787 918 1927 951 censuris
1943 927 2013 962 pro-

2012 183 2060 209 An.
2082 182 2198 211 (1.1656

355 771 479 793 nomenata

295 799 365 819 {ratris
394 799 479 818 Antonii

296 832 307 845 a
324 827 479 852 Gratiagfprae-

297 854 397 872 duraturis
409 854 427 870 ct
443 855 481 870 vut-

297 879 356 898 nisui
399 883 480 903 pforin-

297 905 357 925 cialis
373 905 482 929 ipsiusmet

298 931 429 959 provinciae.

499 972 582 1014 cisci,
598 972 809 1005 deosculando
826 972 921 1016 pedes
935 972 1094 1006 Sanctitati
1114 972 1239 1005 Vestrae
1254 964 1256 967 ¹

499 1026 637 1069 exponit,
652 1025 737 1069 quod
755 1026 852 1058 frater
865 1025 973 1059 Simon
986 1036 1003 1058 a
1019 1026 1047 1059 S.
1065 1026 1239 1067 Catharina,
1255 1025 1257 1032 ¹

499 1084 679 1112 antecessor
703 1089 787 1119 suus,
812 1084 956 1123 tempore
984 1083 1163 1122 opportuno
1187 1089 1258 1123 pe-‘

500 1132 584 1165 tierit
601 1132 803 1172 visitatorem,
823 1137 852 1164 et
876 1131 979 1176 ipsum
1004 1132 1139 1166 obtinuit
1159 1143 1175 1164 a
1194 1122 1258 1176 pa-1

499 1191 547 1219 tre
573 1186 712 1229 generali
736 1186 832 1219 fratre
851 1186 943 1219 Petro
968 1187 1102 1219 Menero.
1128 1186 1184 1225 Qui
1205 1187 1260 1228 vi-¹

501 1239 610 1273 sitator
624 1250 659 1272 ex
675 1239 769 1272 variis
784 1239 1017 1283 impedimentis
1034 1249 1097 1272 non
1114 1240 1244 1272 accessit
1259 1236 1260 1252 ³

501 1293 539 1326 ad
571 1292 686 1326 dictam
720 1292 918 1336 provinciam
947 1298 1113 1336 antequam
1147 1292 1243 1325 trien·

1275 972 1416 1006 vincialis
1432 973 1561 1015 legitimi
1573 978 1602 1005 et
1613 972 1815 1005 definitorum
1833 971 2013 1005 actualium.

1275 1026 1438 1059 Provisum
1465 1027 1582 1058 interea
1613 1026 1669 1058 suit
1693 1025 1730 1058 de
1763 1024 1946 1069 provinciali
1971 1024 2014 1056 le-

1275 1079 1386 1122 gitimo
1412 1090 1428 1111 a
1446 1081 1533 1112 sacra
1553 1078 1795 1121 congregatione
1813 1078 1863 1110 die
1883 1087 1916 1110 111
1933 1081 2015 1110 octo-

1277 1133 1342 1166 bris
1360 1143 1488 1172 nrncmn,
1511 1133 1549 1165 ab
1569 1132 1815 1166 eminentissimo
1837 1136 2016 1175 protectore

1276 1186 1325 1219 die
1351 1197 1404 1220 xiv
1429 1187 1620 1226 novembris,
1638 1197 1654 1219 a
1676 1185 1872 1219 sanctissimo
1889 1184 2016 1218 domino

1278 1241 1458 1274 Innocentio
1490 1241 1512 1273 X
1546 1240 1594 1273 die
1620 1249 1692 1273 xxvr
1717 1239 1857 1272 eiusdem
1882 1248 2016 1272 novem-

1278 1295 1343 1328 bris
1377 1295 1475 1339 ipsius
1508 1295 1579 1328 anui
1615 1305 1672 1338 pro
1708 1294 1942 1327 continuatione
1971 1293 2018 1326 sui

502 1347 589 1380 nium
630 1347 770 1380 eiusdem
810 1346 1013 1391 provincialis
1051 1353 1243 1380 excurreret.
1261 1372 1263 1397 l
1280 1348 1374 1381 otticii
1401 1354 1430 1380 et
1454 1348 1588 1381 aliorum
1608 1348 1820 1391 praelatorum
1848 1346 2020 1391 respective

504 1402 590 1434 Hanc
615 1411 736 1434 moram
762 1411 833 1433 curn
855 1405 978 1433 notaret
1001 1400 1102 1433 dictus
1122 1401 1245 1444 provin-
1279 1412 1335 1446 per
1361 1402 1518 1444 integrum
1544 1412 1670 1441 annum,
1689 1400 1905 1434 confirmando
1926 1399 2019 1433 etiam

505 1455 591 1489 cialis
616 1460 687 1487 ante
712 1464 764 1487 sex
787 1453 941 1486 mensium
960 1453 1128 1486 decursum
1151 1454 1246 1496 (ultra
1262 1446 1264 1488 ³]
1281 1456 1398 1489 dictum
1419 1455 1609 1488 visitatorem
1628 1455 1666 1487 ad
1685 1454 1869 1488 visitandam
1895 1454 2022 1498 provin-

506 1514 569 1542 tres
594 1509 705 1551 annos)
736 1507 953 1540 diffinitorium
984 1507 1190 1548 convocavit,
1216 1509 1361 1542 ut·ciam
1381 1514 1410 1541 et
1436 1508 1658 1541 celebrandum
1685 1508 1867 1552 capitulum.
1892 1507 1946 1541 His
1967 1507 2020 1541 de-

507 1564 538 1596 in
571 1563 711 1596 futurum
746 1561 936 1606 provideret.
962 1562 1038 1595 Cum
1075 1561 1125 1594 liic
1159 1557 1376 1608 casusjcretis
1400 1563 1542 1595 nolentes
1567 1562 1697 1596 obedire
1712 1562 1833 1601 intrusi,
1854 1564 1956 1605 neque
1973 1571 2022 1595 au-

508 1621 589 1649 esset
613 1616 816 1660 expirationis
841 1619 870 1649 et
894 1625 957 1648 non
981 1618 1160 1655 vacaturae,
1179 1624 1250 1647 una-
1265 1609 1267 1664 ξ
1284 1616 1352 1648 dire
1376 1616 1438 1657 itta,
1459 1616 1540 1648 male
1565 1619 1738 1649 tractarunt
1763 1615 1913 1655 notarios,
1930 1620 2023 1658 atque

507 1670 634 1704 nimiter
651 1670 824 1703 resolutum
842 1668 899 1702 fuit
922 1679 940 1701 a
964 1667 1143 1701 definitorio
1163 1666 1268 1712 prae-³j
1285 1669 1362 1702 alios
1380 1669 1541 1702 ministros
1555 1669 1743 1709 intimantes,
1761 1674 1791 1701 et
1807 1679 1870 1702 non
1880 1669 2023 1702 obstante

509 1723 626 1757 dictum
641 1722 865 1767 provincialem
877 1721 1052 1756 continuari
1072 1721 1186 1754 debere
1205 1731 1251 1753 us·
1267 1723 1270 1764 ζ
1286 1723 1425 1756 clausula
1450 1722 1556 1755 Brevis
1581 1723 1728 1765 expressa
1755 1721 1941 1766 (postposite
1966 1732 2023 1765 ap-

510 1787 571 1822 que
585 1777 621 1809 ad
636 1786 797 1810 accessum
815 1774 994 1815 visitatoris,
1012 1780 1041 1807 et
1054 1774 1091 1807 de
1106 1773 1252 1806 omnibus
1268 1766 1473 1820 {pellatiomff
1491 1775 1530 1808 ab
1554 1776 1607 1808 illa
1626 1775 1835 1819 appellarunt,
1853 1775 2025 1818 suspectio·-

512 1830 606 1864 rebus
624 1829 719 1873 gestis
736 1829 908 1862 informare
924 1827 1049 1861 Curiam
1067 1827 1251 1860 Romanam.

512 1883 571 1924 Qui
591 1883 633 1916 ita
657 1882 738 1922 fecit,
756 1891 814 1926 per
834 1891 927 1914 suum
947 1884 1187 1924 procuratorem
1206 1889 1254 1912 ex-

513 1936 668 1981 quirendo
681 1935 821 1969 remedia
835 1939 1025 1978 opportuna,
1042 1932 1255 1967 continuando
1270 1955 1272 1979 3

515 1990 633 2024 interea
666 1989 697 2022 in
728 1988 882 2032 regimine
914 1986 1095 2031 provinciae
1126 1986 1272 2031 pacifice*

515 2054 572 2088 per
597 2047 715 2087 septem
734 2051 866 2074 menses.
886 2040 940 2073 His
958 2040 1070 2084 elapsis
1090 2039 1186 2084 aliqui
1212 2050 1256 2073 re-

517 2097 621 2140 ligiosi
645 2099 840 2140 opponentes
861 2104 893 2128 se
913 2094 1061 2137 regimini
1084 2093 1255 2137 praedicto,
1273 2107 1274 2113 ι

519 2156 610 2194 atque
635 2153 841 2193 provocantes
866 2146 1033 2192 quemdam
1066 2150 1187 2190 patrem
1212 2146 1258 2179 Di-

520 2205 631 2238 dacum
650 2214 666 2236 a
688 2203 799 2246 Plagis,
821 2202 874 2248 qui
902 2202 977 2235 olim
1003 2201 1105 2233 suerat
1124 2200 1259 2233 vicarius

521 2258 741 2304 provincialis,
767 2257 824 2290 sub
850 2256 940 2290 titulo
965 2254 1062 2300 patris
1085 2254 1277 2297 digni01*is‚¹

523 2314 695 2355 coegerunt
726 2311 823 2352 illum,
842 2314 875 2344 ut
900 2313 1088 2343 convocaret
1114 2302 1278 2341 diffinito-¹

524 2366 605 2399 rium
624 2365 797 2409 (tamquam
815 2364 845 2396 in
871 2373 943 2397 casu
961 2361 1139 2405 vacaturae)
1157 2361 1194 2394 ad
1212 2360 1263 2394 eli-

525 2419 661 2463 gendum
694 2418 845 2452 vicarium
876 2415 1099 2462 provincialem
1114 2443 1121 2457 ‚
1146 2415 1177 2448 in
1201 2425 1262 2459 quo

527 2479 629 2506 tamen
668 2473 724 2516 ipsi
749 2471 930 2505 definitores
966 2480 1029 2504 non
1062 2468 1281 2509 obedierunt‚!

564 2545 573 2569 1
597 2543 663 2570 Male
683 2546 711 2570 ut
731 2547 795 2578 puto
811 2542 873 2571 edit.
895 2542 974 2570 Main-
991 2541 1055 2576 legit
1076 2539 1265 2569 Beatissimae

528 2589 566 2622 (a.
582 2587 629 2621 T.).

1269 1840 1422 1879 ‚nemque
1447 1829 1505 1873 ipsi
1526 1829 1677 1862 visitatori
1703 1829 1845 1862 fecerunt
1870 1828 2025 1868 intimare,

1287 1882 1339 1926 qui
1365 1882 1526 1926 respondit
1545 1892 1577 1915 se
1601 1892 1663 1915 non
1677 1892 1769 1925 posse
1793 1882 1934 1915 recusari
1952 1885 2027 1914 tam-

1288 1947 1383 1979 quam
1408 1941 1586 1980 suspectum
1616 1936 1720 1979 quoad
1745 1935 1952 1968 visitationem
1977 1945 2027 1978 ge-

1289 1990 1443 2031 neralem,
1468 1989 1520 2023 sed
1546 1990 1648 2022 solum
1674 1989 1778 2034 quoad
1803 1989 2027 2033 particularem

1291 2044 1329 2087 (si
1355 2053 1462 2076 coram
1487 2043 1614 2076 arbitris
1639 2042 1849 2086 probassent),
1866 2047 1896 2075 et
1920 2047 2029 2076 contra

1291 2098 1377 2141 ipsos
1402 2096 1577 2130 fulminavit
1602 2106 1751 2129 censuras
1776 2106 1877 2140 usque
1907 2096 1946 2129 ad
1969 2095 2026 2129 de-

1292 2150 1496 2184 clarationem
1522 2160 1578 2193 per
1603 2149 1799 2183 sententiam.
1818 2150 1864 2191 Et,
1878 2159 1949 2182 cum
1968 2148 2029 2182 iam

1293 2204 1418 2237 visitare
1443 2203 1598 2247 coepisset
1622 2203 1816 2247 provinciam
1840 2203 1870 2236 in
1895 2213 2030 2237 conven-

1293 2258 1376 2291 tibus
1396 2256 1615 2291 obedientibus
1631 2256 1765 2290 decretis
1782 2256 1968 2300 supradictis
1995 2266 2032 2289 ac

1294 2310 1436 2355 legitimo
1461 2311 1600 2355 praelato
1615 2337 1622 2351 ,
1647 2310 1760 2344 accidit
1790 2310 1874 2354 quod
1906 2310 1956 2343 die
1980 2320 2031 2344 xlv

1296 2364 1362 2398 iulii
1392 2364 1464 2397 anni
1496 2374 1611 2398 Mncmv
1637 2364 1665 2397 ei
1689 2363 1747 2397 fuit
1772 2364 1948 2397 intimatum
1971 2363 2031 2397 de-

1297 2422 1416 2452 cretum
1444 2427 1550 2450 sacrae
1576 2417 1838 2460 congregationis,
1855 2416 1962 2450 datum
1983 2416 2034 2450 die

1297 2481 1349 2506 xix
1366 2471 1469 2504 martii
1493 2470 1633 2504 eiusdem
1650 2469 1734 2511 anni,
1758 2469 1913 2514 derogans
1938 2470 2036 2504 Breve

1338 2589 1345 2613 t
1369 2586 1499 2623 Legerem
1519 2586 1674 2621 subigendo
1695 2586 1735 2614 vel
1755 2585 1889 2620 subiyens
1908 2586 1948 2621 (n.
1964 2585 2012 2621 ιη).
