2263 3215
308 236 355 262 An.
379 235 405 262 C.
426 237 491 264 103ss

333 457 471 476 Pinariorum.

330 985 415 1006 Mutua.

300 1571 483 1592 Catilinalibusvi·

298 1599 421 1619 suaturibus
438 1604 483 1618 arn-

299 1624 355 1650 plum
385 1640 392 1647 „
409 1631 480 1646 conse-

299 1651 372 1672 crandi
410 1658 481 1678 quem-

299 1683 388 1704 cumque
414 1678 480 1699 sacul-

300 1707 363 1726 tatem
373 1705 481 1731 elargitur.

541 228 600 260 123

504 285 688 313 Venerabilis
709 285 804 312 frater
824 287 937 317 noster,
958 293 992 313 ae
1009 285 1111 314 dilecti
1126 286 1180 313 filii
1195 293 1243 314 no-

540 329 607 362 stri,
628 330 758 357 salutem
779 332 809 356 et
832 329 1027 363 apostoticam
1055 330 1240 358 benedictio-

540 381 616 401 nem.

504 506 582 539 quae
615 496 718 529 divina
755 497 874 529 favente
911 497 1075 530 clementia
1111 496 1241 529 admini-

503 548 627 580 stranda
653 549 856 593 suscepimus,
871 559 905 582 ea
922 554 1068 594 prompto
1085 549 1239 593 hilarique

502 601 608 635 animo
633 602 799 646 prosequi,
832 613 885 635 eos
909 613 1001 644 vero,
1027 613 1104 646 quos
1130 603 1158 634 in
1184 603 1240 635 eis-

503 654 572 687 dem
586 656 795 699 pastoralibus
816 655 1239 700 muneribus*prosequendis
1254 675 1256 694 2

502 709 729 752 assumpsimus
746 714 772 741 ct
788 709 1014 753 deputavimus,
1025 714 1152 742 nostrae
1165 709 1237 741 item

502 761 615 794 mentis
640 767 685 794 est
710 762 896 806 opportunis
922 762 1121 795 facultatibus
1137 761 1239 795 adbuc

502 814 635 855 munire,
649 821 683 847 ut
700 815 759 847 illis
777 815 894 848 suffulti
912 815 1123 848 incumbentia
1142 825 1238 848 onera

502 867 613 900 melius
627 869 744 909 subire,
759 874 787 901 ct
807 869 966 913 inceptum
985 879 1064 912 opus
1085 868 1239 912 perticere

501 921 735 965 quamprimum
756 922 886 954 valeant.

546 974 561 1017 ἓ
584 974 613 1006 ’1.
638 974 713 1007 Cum
739 974 853 1018 itaque,
871 975 1035 1007 occasione
1055 974 1238 1008 visitationis

500 1032 626 1060 nostrae
649 1028 858 1071 apostolicae,
884 1039 976 1072 quam
1010 1028 1040 1060 in
1075 1028 1238 1061 universae

501 1080 600 1113 almae
625 1081 717 1114 Urbis
743 1081 871 1125 eiusque
897 1081 1055 1114 districtus
1087 1081 1237 1121 ecclesiis,

501 1134 710 1174 monasteriis,
727 1134 868 1177 locisque
888 1134 985 1178 sacris
1003 1138 1032 1167 et
1048 1134 1117 1178 piis,
1136 1134 1238 1177 proxi·
1253 1164 1255 1176 ‚

500 1187 559 1219 mis
583 1187 693 1219 dicbus
725 1187 911 1229 indiximus,
936 1187 1127 1231 experientia
1152 1198 1235 1220 com-

498 1240 651 1283 probante
668 1241 910 1283 cognoverimus
927 1241 1093 1285 aliquando
1110 1251 1236 1273 necesse

498 1304 566 1326 csse
598 1294 629 1326 in
660 1295 878 1339 compluribus
909 1295 1048 1328 eiusdem
1074 1294 1176 1335 Urbis,
1201 1305 1253 1327 ac*

498 1347 582 1380 illius
595 1347 754 1380 districtus
772 1348 911 1381 ecclesiis
922 1349 1031 1380 altaria
1045 1349 1235 1389 consecrari,
1252 1386 1253 1392 ἵ

499 1411 674 1444 campanas,
700 1406 902 1442 ornamenta,
928 1401 1170 1445 indumentaque
1191 1412 1236 1435 ec-

498 1455 669 1488 clesiastica
683 1455 835 1497 benedici,
847 1461 1041 1488 sacramenta
1052 1456 1235 1497 ministrari,

498 1513 528 1542 et
552 1509 612 1541 alia
631 1508 823 1552 pontificalia
849 1510 955 1542 munia
980 1510 1139 1542 exerceri:
1190 1507 1192 1509 ’

543 1562 603 1606 ἓέὶ.
629 1562 691 1594 11Ιί5
716 1573 750 1594 ex
770 1562 858 1595 vobis
876 1563 906 1594 in
925 1563 1033 1595 cadem
1060 1563 1253 1601 visitationei

497 1615 695 1648 adiutoribus
712 1625 767 1659 per
784 1626 841 1648 nos
858 1616 1035 1659 assumptis,
1056 1608 1108 1659 qui
1127 1627 1236 1650 conse-
1251 1632 1253 1636 ’

496 1668 646 1702 erationis
668 1669 854 1712 episcopalis
880 1680 994 1701 munus
1018 1676 1234 1714 susceperunt,
1251 1671 1461 1714 :pressionem
1484 1670 1682 1714 requirerent
1706 1670 1806 1712 magis
1830 1669 2007 1713 specialem,

1251 1719 1299 1757 'et
1322 1724 1380 1756 sub
1413 1723 1551 1766 generali
1589 1723 1767 1756 huiusmodi
1805 1722 2007 1756 concessione

496 1728 527 1756 et
546 1733 655 1756 eorum
675 1722 814 1762 cuilibet,
831 1723 956 1766 plenam
977 1734 1033 1766 per
1053 1730 1235 1767 praesentes

496 1776 698 1810 concedimus
722 1777 911 1817 facultatem,
932 1783 965 1808 ut
986 1777 1016 1809 in
1034 1777 1235 1821 quibuscum-

495 1840 557 1874 que
583 1835 645 1862 tam
668 1829 748 1862 intra
766 1829 907 1862 eamdem
933 1830 1062 1870 ,Ui-bem,
1079 1840 1114 1863 ac
1136 1841 1234 1874 prope

495 1888 526 1916 et
550 1888 636 1916 extra
662 1882 745 1915 illius
770 1893 894 1923 muros,
915 1893 1008 1926 quam
1034 1884 1127 1916 etiam
1153 1884 1234 1916 intra

495 1936 634 1969 eiusdem
661 1935 753 1969 Urbis
777 1935 953 1968 districtum
986 1936 1053 1969 sitis
1084 1937 1233 1978 ecclesiis,

494 1989 588 2023 etiam
604 1989 878 2033 patriarchalibus,
890 1999 1010 2022 necnon
1026 1990 1233 2031 monasteriis,
1249 1987 1251 2013 θ’

1249 2050 1297 2076 'et
1320 2043 1570 2076 ordinationibus
1594 2043 1785 2087 apostolicis,
1817 2055 1852 2077 ac
1876 2044 1908 2076 in
1932 2054 2007 2078 con-

493 2043 695 2088 prioratibus,
721 2043 867 2075 domibus
887 2043 1090 2085 secularibus,
1108 2054 1163 2076 seu
1183 2055 1234 2077 cu-

494 2097 680 2140 iuscumque
701 2096 830 2135 ordinis,
850 2096 1088 2130 Mendicantium
1108 2098 1153 2130 vel
1172 2107 1251 2146 non,

494 2150 754 2190 Mendieantium,
781 2149 928 2191 militiae,
960 2150 1233 2193 congregationis,

495 2209 548 2236 aut
584 2203 714 2236 instituti
752 2203 971 2246 regularibus,
996 2208 1058 2235 tarn
1092 2203 1231 2237 virorum

495 2267 588 2301 quarn
615 2257 794 2297 mulierum,
814 2262 907 2301 atque
927 2257 1143 2301 hospitalibus,
1168 2269 1234 2291 ora-

496 2310 595 2350 toriis,
620 2311 751 2351 sacellis,
777 2311 983 2351 coemeteriis,
1008 2311 1148 2355 locisque
1175 2312 1233 2356 piis

495 2375 531 2398 ac
554 2364 729 2406 religiosis,
757 2369 818 2396 tam
844 2364 996 2408 exemptis
1026 2365 1179 2409 nobisque
1204 2371 1233 2398 et

496 2418 692 2462 Apostolicae
732 2418 802 2451 Sedi
839 2418 1019 2451 immediate
1060 2418 1208 2451 subiectis
1225 2446 1232 2459 ‚

495 2481 588 2515 quam
614 2471 705 2503 etiam
732 2481 793 2503 non
824 2471 994 2514 exemptis,
1019 2476 1049 2503 et
1072 2471 1232 2515 quibusvis

495 2523 589 2557 etiam
617 2524 645 2557 S.
664 2524 698 2556 R.
716 2524 748 2557 E.
770 2524 981 2557 cardinalibus
1005 2524 1126 2558 ratione
1152 2525 1232 2557 tituli

496 2582 549 2610 aut
573 2577 834 2610 denominationis
859 2578 905 2610 sui
931 2578 1156 2619 cardinalatus,
1181 2584 1233 2611 aut

496 2631 571 2664 alias
590 2631 825 2675 quomodolibet
846 2631 939 2665 etiam
962 2642 997 2665 ex
1015 2631 1124 2676 quavis
1140 2634 1233 2666 causa

1080 238 1256 261 eumanum
1282 238 1434 261 ROMANUM

1276 285 1432 326 subiectis,
1457 285 1585 326 altaria,
1610 296 1645 318 ac
1671 285 1837 328 ipsasmet¹
1863 287 2011 319 ecclesias

1276 348 1470 379 consecrare,
1496 344 1548 370 aut
1572 338 1623 370 illa
1640 337 1687 371 vel
1705 338 1829 371 easdem
1855 339 2011 380 ecclesias,

1258 395 1328 424 ³aut
1352 392 1412 424 illis
1436 402 1582 432 annexas,
1604 392 1818 432 reconciliare,
1843 402 1897 425 seu
1917 392 2009 426 etiam

549 442 646 476 Officii
679 444 776 476 nostri
811 449 855 476 est
889 444 1058 488 pastoralia
1091 454 1258 484 munera,⁴

1275 446 1480 486 coemeteria,
1505 455 1692 488 campanas,
1717 445 1847 486 calices,
1873 451 2010 489 patenas,

1274 508 1400 540 cruces,
1426 498 1606 531 indumenta
1637 502 1667 530 et
1699 502 1884 531 ornamenta
1913 499 2010 532 eccle-

1274 551 1395 585 siastica
1419 561 1646 595 quaecumque,
1660 554 1688 584 et
1712 561 1834 594 aquam,
1859 556 1893 584 ut
1913 552 2010 584 moris

1273 609 1329 644 est,
1353 604 1557 644 benedicere,
1586 608 1815 637 sacramentum
1841 604 2010 637 confirma-

1274 657 1376 697 tionis,
1401 657 1483 701 quod
1510 667 1545 690 ex
1572 657 1634 690 ritu
1659 657 1689 689 in
1714 657 1889 690 visitatione
1920 658 2010 690 mini-

1273 711 1363 743 strari
1390 710 1560 750 consuevit,
1585 710 1710 753 quibus,
1735 710 1808 751 ubi,
1832 710 1957 754 quando
1981 717 2011 744 et

1272 764 1394 808 quoties
1419 763 1480 796 illis
1500 773 1561 797 ,seu
1579 763 1706 796 cuilibet
1731 773 1841 797 eorum
1862 763 2010 808 expedire

1273 817 1440 858 videbitur,
1465 816 1652 856 ministrare
1673 821 1905 850 sacrosanctum
1931 827 2009 861 quo-

1273 880 1333 914 que
1359 870 1472 902 missae
1496 868 1696 911 sacrificium,
1722 878 1844 902 necnon
1863 879 2010 913 vesperas

1273 928 1302 955 et
1319 933 1535 967 quaecumque
1552 924 1611 956 alia
1631 923 1735 955 divina
1748 921 1861 963 officia,
1878 922 2009 955 solemni

1272 986 1308 1009 ac
1332 976 1501 1020 pontificali
1526 976 1587 1010 ritu
1613 976 1643 1008 in
1669 975 1808 1008 ecclesiis
1824 979 1855 1008 et
1874 975 1960 1016 locis,
1978 975 2010 1008 in

1271 1029 1385 1073 quibus
1409 1029 1453 1062 illi
1471 1029 1501 1062 id
1516 1029 1553 1062 ad
1571 1029 1724 1062 maiorem
1742 1028 1918 1061 animarum
1940 1039 2010 1062 con-

1272 1082 1455 1115 solationem
1480 1082 1747 1126 spiritualemque·
1763 1081 1952 1124 profectum,
1978 1085 2008 1114 et

1271 1134 1309 1167 ad
1335 1135 1432 1178 ipsam
1458 1135 1550 1168 etiam
1576 1144 1669 1178 quam
1695 1133 1886 1168 intendimus
1914 1134 2010 1167 resor-

1272 1188 1439 1221 mationem
1472 1187 1679 1221 inducendam
1709 1187 1868 1231 pertinere
1892 1187 2010 1220 iudica-

2025 239 2071 265 An.
2094 239 2123 265 C.
2142 239 2208 266 ¹656

1271 1242 1380 1283 verint,
1406 1242 1567 1275 celebrare
1591 1246 1621 1274 et
1645 1241 1819 1283 decantare,
1845 1241 1933 1274 verbi
1953 1241 2008 1274 Dei
2046 1283 2048 1285 Ι

1271 1295 1518 1338 praedicationes
1543 1300 1570 1328 et
1597 1295 1764 1328 conciones
1788 1295 1826 1327 ad
1851 1294 1904 1327 Dei
1925 1305 2009 1328 amo-

1271 1360 1336 1382 rem
1362 1355 1391 1382 ct
1416 1350 1561 1382 timorem
1581 1349 1611 1382 in
1629 1349 1778 1383 cordibus
1798 1348 1938 1381 fidelium
1960 1359 2010 1382 ex-

1271 1402 1428 1436 citandum
1461 1409 1490 1436 et
1526 1402 1783 1436 acccndendum¹³
1814 1402 1938 1446 publice
1970 1402 2010 1435 ad

1252 1449 1389 1489 '’clerum
1416 1462 1445 1489 et
1469 1457 1639 1501 populum,
1671 1467 1726 1489 seu
1751 1456 1826 1488 alias
1850 1456 2008 1500 privatim,

1251 1528 1253 1558 j
1270 1516 1363 1554 prout
1387 1511 1510 1543 occasio
1528 1515 1557 1542 et
1571 1510 1740 1543 necessitas
1759 1509 1940 1553 postulabit,
1958 1510 2009 1543 ha-

1269 1564 1354 1605 bere,
1377 1563 1499 1607 aliaque
1524 1564 1629 1596 omnia
1653 1567 1682 1597 et
1707 1573 1925 1608 quaecumque
1945 1574 2009 1597 mu-

1268 1617 1319 1649 nia
1336 1617 1539 1661 pontificalia,
1556 1617 1648 1649 etiam
1668 1627 1748 1661 quae
1763 1622 1868 1650 notam
1886 1621 1939 1651 aut
1954 1627 2008 1650 ex-

1268 1787 1331 1810 non
1349 1776 1671 1820 comprehenduntur,
1694 1776 1785 1809 etiam
1804 1786 1878 1819 erga
1895 1786 2006 1820 perso-

1250 1823 1322 1873 }nas
1345 1830 1482 1874 alioquin
1505 1829 1624 1863 habiles
1645 1835 1674 1863 et
1699 1830 1826 1863 idoneas
1846 1840 2004 1872 exercere,

1250 1875 1361 1916 ¹etiam
1392 1883 1478 1916 nullo
1509 1883 1570 1916 alio
1595 1894 1611 1915 a
1643 1883 1734 1916 nobis
1765 1886 1928 1927 expectato
1953 1889 2006 1916 aut

1250 1925 1251 1951 ἶ
1269 1936 1419 1981 requisito
1444 1936 1599 1976 mandato,
1614 1936 1712 1969 libere
1729 1942 1757 1968 et
1775 1936 1857 1970 licite
1873 1937 2004 1969 valeant.

1312 1991 1326 2033 g
1349 1989 1378 2022 3.
1404 1990 1472 2022 Non
1503 1989 1700 2022 obstantibus
1731 1990 2006 2024 constitutionibus

1268 2098 1346 2131 ciliis
1371 2098 1461 2130 etiam
1488 2098 1690 2140 generalibus
1714 2098 1815 2141 editis,
1841 2098 2008 2132 dictarum—

1267 2162 1326 2196 que
1352 2152 1576 2192 ecclesiarum,
1609 2152 1890 2193 monasteriorum,
1914 2151 2003 2186 ordi-

1267 2216 1352 2247 num,
1370 2205 1663 2248 congregationum,
1688 2206 1882 2247 militiarum,
1904 2205 2007 2250 hospi-

1267 2259 1386 2299 talium,
1411 2263 1464 2291 aut
1489 2259 1673 2299 domorum,
1699 2259 1792 2292 etiarn
1819 2259 2005 2300 iuramento,

1267 2312 1506 2345 confirmatione
1531 2313 1713 2356 apostolica,
1740 2313 1787 2345 vel
1813 2312 1872 2345 alia
1896 2312 2005 2356 quavis

1266 2365 1415 2398 firmitate
1438 2366 1607 2406 roboratis,
1631 2366 1754 2398 statutis
1779 2370 1808 2400 et
1831 2371 2002 2400 consuetu-

1266 2418 1401 2459 dinibus,
1423 2419 1594 2463 privilegiis
1612 2429 1748 2463 quoque,
1765 2419 1893 2452 indultis
1914 2424 1943 2452 et
1959 2419 2006 2452 lit-

1267 2472 1341 2505 teris
1365 2472 1545 2516 apostolicis
1570 2472 1601 2504 in
1633 2472 1827 2505 contrarium
1852 2471 2006 2516 praemis-

1266 2535 1372 2558 sorum
1398 2525 1636 2569 quomodolibet
1653 2525 1819 2567 concessis,
1841 2524 2005 2565 confirma·

1303 2598 1311 2623 1
1332 2595 1381 2623 Ed.
1393 2595 1471 2622 Main.
1484 2595 1548 2629 legit
1558 2597 1697 2630 ipsaemet
1708 2603 1756 2631 pro
1767 2596 1901 2630 ipsasmet
1911 2595 2002 2630 (astu).

1300 2640 1316 2667 2
1331 2639 1397 2668 Male
1413 2640 1477 2668 edit.
1493 2640 1572 2669 Maia.
1588 2641 1655 2677 legit
1670 2640 1860 2670 accedentium
1879 2640 1915 2676 (n.
1931 2640 1980 2675 τ.).

2021 2000 2132 2023 Contraria
2142 2001 2203 2023 tollit.
2229 1993 2233 1996 Δ
2244 2000 2251 2011 ³'
