2243 3205
262 215 312 242 Aa.
328 214 356 242 c.
377 214 446 243 1657
491 204 555 239 326

292 1977 432 2001 Prooemium.

463 263 545 296 sulas
570 261 732 305 generales
751 261 832 295 idem
851 262 1064 305 importantes,
1083 262 1199 296 mentio

463 326 518 349 seu
545 315 672 360 quaevis
704 316 763 349 alia
793 316 954 359 expressio
970 315 1122 358 habenda,
1149 321 1201 349 aut

462 369 565 413 aliqua
578 369 638 402 alia
652 369 804 413 exquisita
818 369 919 402 t'orma
931 369 969 402 ad
979 369 1038 403 hoc
1050 368 1202 402 servanda

462 422 551 465 soret,
572 422 699 455 illorum
720 427 856 465 tenores,
874 423 990 456 formas
1015 427 1045 455 et
1069 421 1203 455 occasio-

462 485 526 518 neS,
541 485 576 509 ac
596 475 795 519 singulorum
813 476 1052 509 canonicatuum
1071 480 1100 508 et
1118 484 1203 518 prae·

461 527 646 569 bendarum,
671 529 913 562 beneficiatuum
942 534 972 562 et
998 528 1201 562 clericatuum

462 581 693 624 praedictorum
719 582 888 623 fructuum,
913 581 1103 621 reddituum,
1129 590 1203 624 pro-

463 640 621 676 ventuum,
646 635 913 678 distributionum,
934 635 1050 668 iurium
1069 638 1098 668 et
1122 644 1202 666 cmo-

462 688 675 723 lumentorum
705 689 925 722 universorum
958 698 1048 721 veros
1084 696 1203 719 annuos

462 741 635 775 secundum
659 751 859 775 communem
883 740 1132 774 aestimationem
1151 748 1203 771 va-

462 796 544 829 lores
569 795 786 840 praesentibus
810 805 869 839 pro
889 795 979 839 plene
1000 798 1029 828 et
1048 793 1204 826 sussicien-

463 854 510 882 ter
533 849 699 893 expressis,
729 848 853 882 insertis
878 854 907 881 et
938 847 1068 881 servatis
1096 856 1203 890 respe-

463 902 541 936 ctive
571 903 742 943 habentes,
768 902 827 935 illis
851 902 927 934 alias
952 902 983 934 in
1007 911 1063 934 suo
1089 900 1203 934 robore

463 957 687 1000 permansuris,
712 956 749 988 ad
777 955 1023 1000 praemissorum
1048 954 1203 995 effectum,

462 1010 520 1042 hac
537 1010 603 1043 vice
620 1010 789 1052 dumtaxat,
815 1009 991 1053 specialiter
1008 1013 1038 1042 et
1058 1017 1204 1052 expresse

462 1063 667 1106 derogamus;
686 1062 863 1106 ceterisque
887 1061 1053 1096 contrariis
1074 1060 1202 1105 quibus-

463 1126 608 1159 cumque.

506 1169 617 1202 Datum
642 1169 768 1210 Romae,
794 1168 878 1212 apud
902 1168 931 1202 S.
953 1167 1081 1200 Mariam
1107 1166 1202 1200 Maio-

464 1233 540 1263 rem,
553 1223 609 1256 sub
619 1223 734 1255 annulo
743 1222 919 1262 piscatoris,
934 1221 983 1254 die
996 1231 1073 1254 xvin
1083 1220 1204 1253 decem-

463 1277 527 1309 bris
547 1287 692 1317 iunctm,
712 1276 912 1320 pontificatus
937 1275 1036 1308 nostri
1061 1284 1141 1307 anno
1159 1283 1201 1306 nt,

498 1339 557 1366 Dat.
576 1339 619 1366 die
637 1339 669 1366 18
685 1338 837 1366 decembris
853 1338 931 1373 1657,
949 1337 1042 1373 pontif.
1060 1344 1131 1364 anno
1147 1342 1183 1363 111.

743 1481 918 1515 CLXXXVI.

464 1564 599 1597 Mandat
623 1562 783 1597 obsera-ari
807 1562 931 1595 decreta
956 1560 1043 1594 edita
1067 1570 1087 1592 α
1111 1559 1203 1592 εαονιὶ

508 1617 753 1660 conyreqacz'one
785 1615 823 1648 cle
854 1613 1078 1658 Propaqaizda
1122 1612 1203 1646 Fide

507 1670 547 1703 ab
566 1669 787 1703 ecclesiasticis
807 1672 873 1702 lam
889 1667 1089 1701 secularibus
1105 1676 1204 1710 quam

506 1722 710 1766 ‘reyularz'bus
732 1732 792 1765 pro
817 1721 894 1754 bono
924 1720 1083 1764 reqimine
1111 1719 1205 1762 spiri-

510 1777 594 1809 tuali
605 1779 791 1810 annuarum
816 1774 1082 1816 christifidelium
1099 1771 1202 1807 Gwe‘.

657 1855 824 1884 Alexander
844 1856 922 1889 Papa
942 1855 1009 1887 Vll,

605 1901 641 1928 ad
660 1901 793 1928 futuram
811 1901 855 1927 rei
876 1898 1056 1927 memoriam.

507 1972 684 2006 Sacrosanti
713 1972 904 2016 apostolatus
932 1969 1036 2012 officii,
1057 1979 1129 2012 quo,
1162 1967 1204 2001 di-

465 2026 535 2059 vina
552 2026 735 2069 disponente
761 2025 937 2066 clementia,
956 2023 1127 2057 catholicae
1152 2023 1204 2056 Ec-

464 2079 575 2112 clesiae
596 2078 752 2122 regimini,
778 2077 898 2110 meritis
921 2077 993 2110 licet
1018 2076 1202 2120 imparibus,

464 2132 702 2176 praesidemus,
728 2130 904 2164 sollicitudo
928 2140 986 2163 nos
1020 2134 1146 2171 monet,
1172 2135 1204 2162 ut

464 2186 555 2218 noxia
566 2194 784 2228 quaecumque
798 2194 815 2216 a
828 2183 986 2216 dominico
1000 2193 1097 2226 grege
1110 2192 1204 2226 quan-

465 2243 529 2270 tum
555 2238 645 2271 nobis
671 2248 705 2271 ex
738 2238 801 2270 alto
826 2236 1009 2270 conceditur
1040 2246 1204 2270 removere

464 2291 654 2324 studeamus.

502 2401 510 2425 1
534 2399 590 2430 Qua
610 2399 651 2425 via
672 2397 805 2434 proticisci
825 2398 942 2425 debeant
956 2397 1073 2433 religiosi
1094 2397 1127 2425 ad
1143 2405 1203 2432 par-

464 2446 503 2470 tes
522 2443 659 2471 Indiarum
671 2447 698 2470 et
712 2443 860 2470 insularum
878 2441 998 2469 definivit
1014 2442 1136 2469 Clemens
1147 2441 1202 2468 VIII

463 2487 555 2513 Const.
575 2493 679 2522 couvi,
702 2490 766 2514 tom.
787 2495 812 2520 x,
833 2494 893 2522 pag.
916 2485 978 2519 631,
1001 2489 1027 2513 et
1052 2486 1150 2513 Paulus
1168 2486 1201 2520 V,

463 2530 554 2558 Consi.
571 2537 614 2565 CV,
635 2535 700 2558 tom.
718 2539 753 2566 xi,
771 2539 830 2567 pag.
849 2531 910 2558 501.
927 2530 1020 2558 Officio
1042 2530 1153 2566 parochi
1173 2533 1203 2558 ut

464 2576 538 2611 fungi
550 2576 653 2612 possint
664 2576 780 2612 religiosi
791 2575 923 2605 concessit
933 2576 999 2603 Pius
1008 2576 1040 2611 V,
1053 2574 1142 2603 Const.
1156 2582 1200 2611 Lu,

465 2624 529 2648 tom.
551 2627 595 2653 vn,
616 2628 677 2656 pag.
700 2621 761 2649 558.

1031 214 1210 239 BULLARIUM
1235 213 1389 239 ROMANUM

1983 212 2031 241 An.
2052 213 2083 242 c.
2100 215 2178 251 im.
2214 246 2220 263 Ι

1279 263 1293 305 ἓ
1322 263 1346 295 l.
1372 262 1447 295 Cum
1474 262 1578 304 itaque
1603 261 1640 293 ad
1665 270 1757 294 aures
1780 264 1902 295 nostras
1919 260 1972 294 de·
2001 270 2166 300 ascensuum·
2214 281 2215 299 ᾗ

1988 302 2066 322 statuta
2089 303 2111 322 ot
2131 298 2168 325 oni·
2214 315 2215 319 ,

1235 314 1377 348 venerint
1391 313 1606 357 querimoniae
1628 313 1876 346 christifidelium
1890 313 1973 348 Goae
1988 326 2060 348 ainata
2110 329 2164 353 im

1235 372 1327 411 atque
1362 367 1392 399 in
1417 365 1629 400 adiacentibus
1659 366 1769 399 insulis
1794 366 1973 409 degentium

1988 353 2124 379 praedecente
2154 358 2157 359 ⁷
2169 362 2171 365 ’
2214 370 2220 378 ,,

1989 380 2134 405 ροηιῑῐιοιιωοι
2163 380 2167 382 ’

1989 406 2083 427 omuibus
2098 406 2173 431 oum?-

1236 420 1273 453 de
1304 419 1462 454 nonnullis
1494 419 1643 453 abusibus
1673 419 2140 461 ecclesiasticorum,varimantin.
2218 456 2219 463 ,

1236 484 1347 507 eorum
1384 473 1554 517 praecipue
1588 482 1684 516 penes
1719 483 1798 516 quos
1834 472 1975 516 ipsorum

1237 527 1487 561 christifidelium
1508 527 1669 571 spirituale
1685 527 1828 570 regimen
1845 537 1880 560 ac
1901 536 1976 560 cura

1238 580 1367 613 residet:
1385 590 1451 621 nos,
1465 579 1634 624 praedictis
1648 579 1806 622 abusibus,
1821 583 1976 623 quatenus

1238 633 1433 677 irrepserint,
1459 633 1669 677 quantocitius
1693 633 1829 675 occurri,
1850 638 1904 666 aut
1919 632 1976 666 sal-

1238 692 1298 720 tem
1322 687 1502 731 praecaveri
1523 697 1561 720 ne
1589 686 1634 719 illi
1659 686 1690 719 in
1715 691 1877 731 posterum
1901 696 1976 720 con-

1237 740 1368 782 tingant,
1397 740 1545 780 volentes,
1573 739 1611 772 de
1634 739 1860 772 nonnullorum
1884 748 1975 772 vene-

1238 793 1385 826 rabilium
1410 794 1542 826 t'ratrum
1563 797 1744 826 nostrorum
1771 797 1895 826 sanctae
1919 792 1978 826 Ro-

1238 856 1347 880 manae
1361 847 1516 879 Ecclesiae
1534 846 1739 879 cardinalium
1750 856 1786 879 ex
1804 855 1976 889 congrega-

1238 900 1321 933 tione
1346 899 1472 943 negotio
1498 899 1721 943 propagandae
1738 899 1824 932 Fidei
1843 909 1976 943 praepo—

1237 954 1313 995 sita,
1338 954 1453 999 quibus
1476 953 1688 997 querimonias
1712 952 1892 986 huiusmodi
1916 952 1975 986 dis-

1238 1008 1397 1042 cutiendas
1423 1007 1613 1048 remisimus,
1639 1007 1779 1047 consilio,
1805 1005 1977 1050 apostolica

1238 1061 1432 1102 auctoritate,
1446 1066 1555 1095 tenore
1569 1059 1976 1104 praesentium,statuimus,

1237 1114 1449 1158 praecipimus
1473 1119 1503 1148 et
1524 1114 1707 1147 mandamus
1732 1113 1851 1155 sedulo,
1876 1112 1976 1146 invio-

1237 1168 1371 1201 labiliter
1396 1172 1424 1202 et
1449 1172 1554 1202 exacte
1579 1168 1696 1201 servari
1714 1167 1752 1200 ab
1777 1166 1923 1200 omnibus
1947 1170 1978 1198 et

1237 1222 1377 1265 singulis,
1399 1221 1437 1254 ad
1457 1232 1536 1265 quos
1561 1226 1681 1266 spectat
1705 1226 1735 1254 et
1760 1221 1790 1253 in
1814 1224 1977 1264 posterum

1237 1276 1397 1320 spectabit,
1422 1275 1547 1308 decreta
1572 1275 1780 1318 insrascripta,
1812 1273 1975 1307 videlicet:

1281 1330 1295 1373 g
1319 1330 1348 1362 2.
1374 1339 1393 1362 1.
1419 1329 1551 1363 Caveant
1575 1328 1716 1372 parochi,
1740 1332 1793 1360 aut
1817 1326 1978 1360 ecclesias-

1238 1382 1290 1416 tici
1316 1382 1516 1426 quicumque,
1542 1382 1606 1414 sive
1638 1381 1813 1420 seculares,
1838 1380 1902 1413 sive
1925 1389 1976 1413 re—

1237 1436 1371 1479 gulares,
1385 1446 1423 1469 ne
1441 1436 1472 1468 in
1488 1440 1649 1479 posterum
1674 1435 1738 1467 ullo
1756 1439 1848 1478 pacto
1865 1437 1978 1476 cogant

1238 1499 1391 1533 pauperes
1417 1489 1454 1521 ad
1479 1499 1591 1532 operas
1615 1498 1670 1521 seu
1694 1487 1834 1520 laborem
1860 1486 1978 1530 impen-

1237 1542 1373 1576 dendum
1391 1553 1449 1586 pro
1467 1542 1530 1575 suis
1550 1541 1701 1583 ecclesiis,
1726 1551 1789 1575 non
1815 1540 1977 1584 persoluta

1238 1597 1318 1629 iusta
1339 1595 1495 1637 mercede,
1509 1596 1569 1629 nisi
1586 1595 1618 1628 id
1635 1599 1746 1639 sponte
1766 1599 1796 1627 et
1812 1604 1847 1627 ex
1865 1593 1978 1638 pietate

1237 1654 1398 1693 praestare
1424 1648 1589 1689 voluerint,
1614 1648 1777 1692 multoque
1801 1646 1906 1680 minus
1930 1656 1980 1679 au-

1238 1703 1330 1736 deant
1348 1713 1401 1736 eos
1418 1702 1570 1735 mulctare
1583 1701 1636 1745 qui
1660 1700 1832 1734 renuerint.

1282 1766 1312 1789 11.
1345 1757 1419 1790 Cum
1457 1755 1494 1788 iis
1529 1755 1582 1798 qui
1615 1764 1704 1787 sacro
1741 1759 1794 1786 aut
1823 1752 1978 1787 catechesi

1237 1809 1399 1843 doctrinae
1423 1808 1612 1842 christianae
1635 1818 1699 1841 non
1722 1807 1922 1840 interfuerint
1938 1806 1978 1849 (si

1239 1873 1305 1896 mos
1330 1862 1369 1896 sit
1397 1872 1461 1903 eos,
1481 1866 1515 1894 ut
1531 1861 1728 1906 supponitur,
1747 1861 1851 1904 aliqua
1875 1861 1978 1904 poena

1240 1917 1405 1960 mulctare)
1431 1917 1467 1949 ea
1493 1916 1708 1949 moderatione
1733 1925 1766 1948 se
1790 1919 1920 1958 gerant,
1945 1917 1979 1947 ut

1237 1970 1362 2004 nonnisi
1408 1980 1480 2003 vere
1514 1969 1753 2003 contumacibus
1792 1973 1822 2002 et
1866 1973 1976 2002 conte-

1238 2023 1428 2065 mnentibus,
1455 2034 1552 2068 eaque
1577 2023 1699 2057 modica
1723 2032 1781 2056 nee
1805 2022 1917 2056 crebro
1937 2021 1980 2054 ir-

1238 2081 1376 2120 rogetur.

1281 2141 1324 2164 111.
1350 2131 1508 2164 instruant
1532 2131 1685 2174 populum
1703 2129 1788 2163 omni
1806 2139 1868 2174 qua
1890 2128 1979 2162 decet

1238 2184 1385 2226 lenitate,
1411 2183 1601 2217 abstinentes
1631 2182 1759 2216 omnino
1784 2193 1801 2215 a
1823 2182 1924 2215 serula
1949 2184 1978 2216 et

1237 2249 1254 2271 a
1279 2238 1382 2271 verbis
1413 2237 1651 2278 indecentibus,
1676 2236 1810 2270 maxime
1843 2236 1869 2269 si
1905 2245 1976 2269 cum

1238 2290 1431 2332 mulieribus,
1448 2290 1524 2324 viris
1538 2290 1706 2331 nobilibus,
1724 2299 1779 2323 seu
1792 2292 1891 2322 aetate
1907 2297 1979 2332 pro-

1238 2344 1332 2379 vectis
1357 2348 1477 2387 agatur.

1280 2408 1322 2431 1v.
1347 2397 1392 2430 Ad
1418 2397 1620 2430 seminarium
1640 2396 1712 2440 (nisi
1727 2396 1792 2429 eius
1813 2394 1975 2436 institutio,

1236 2461 1291 2484 seu
1314 2451 1453 2485 fundatio
1477 2450 1591 2494 obstet)
1616 2450 1703 2483 locus
1728 2449 1820 2482 etiam
1846 2448 1898 2490 iis,
1923 2446 1976 2492 qui

1236 2514 1272 2537 ex
1288 2503 1404 2538 nobili¹
1419 2509 1489 2538 sunt
1505 2513 1630 2546 genere,
1645 2508 1675 2536 et
1692 2512 1832 2547 congrua
1845 2501 1890 2546 (ni
1903 2510 1976 2545 pau-

1272 2620 1283 2646 1
1301 2619 1397 2648 Nescio
1413 2627 1445 2647 an
1461 2618 1530 2647 desit
1544 2617 1676 2655 particula
1691 2626 1748 2647 non
1763 2619 1800 2653 (a.
1818 2617 1867 2652 τ.).

2133 1679 2176 1725 —-·.'e
2153 1649 2172 1669 ε·
2151 1629 2156 1637 “
2150 1134 2194 1617 (ψιθςρῃῳῇἱκῆῃξ-,Νὲ
2166 1080 2191 1126 ⁹5¹*—
2160 1007 2183 1070 mi
2164 962 2180 981 ι,
2179 947 2181 949 ,
2172 920 2173 925 Α
2167 887 2176 903 ..
2175 801 2178 818 ,Α
2190 759 2194 763 ⁴
2143 725 2178 742 a*
2159 639 2182 650 ·,
2150 542 2166 563 >¹

2147 1768 2178 1802 ’.ἰ
2175 1760 2177 1762 .
2152 1730 2178 1754 sf-

2150 1812 2185 1893 ‘fid‘
