2185 3188
37 189 85 217 An.
103 186 132 214 C.
147 185 214 213 1657

68 780 127 806 Eligit
140 777 219 799 eonsul-

43 810 96 829 tores
116 808 175 832 prout
198 811 218 825 in

43 834 132 862 rubrica.

823 180 1008 204 ALEXANDER
1033 180 1077 203 VH
1101 180 1149 203 PP.

228 229 387 275 expeditas
400 229 519 263 litteras
536 229 659 270 factam,
673 229 705 262 in
722 229 827 262 locum
842 228 966 261 moder-

227 294 340 317 norum
366 283 582 317 consultorum
601 289 630 316 et
650 282 770 323 arbitri,
788 282 840 326 qui
859 281 967 325 vigore

228 338 360 370 aliarum
375 342 555 370 nostrarum
572 337 691 381 pariter
705 336 734 369 in
749 336 850 369 form-21
864 335 968 368 Brevis

228 391 404 424 litterarum
430 391 480 423 die
506 401 538 423 ni
563 390 713 423 februarii
732 399 861 423 ,iinchn
880 399 970 433 expe-

229 443 364 476 ditarum
390 443 493 476 officia
518 453 572 476 sua
598 443 771 486 respective
800 452 900 486 usque
932 441 969 474 ad

230 496 312 529 diem
347 505 379 528 1v
412 496 485 528 maii
522 496 702 529 huiusmodi
739 501 769 528 et
800 505 862 528 non
889 495 972 527 ultra

231 549 414 582 continuare
439 548 582 590 debeant,
600 548 755 581 celebrari
772 548 913 592 deberet)
931 548 971 580 ob

233 602 455 646 impedimenta
480 603 582 636 adbuc
608 602 763 636 interdicti
789 602 869 635 inter
893 612 971 636 non-

231 657 332 689 nullas
356 657 462 689 Italiae
485 657 631 699 regiones
648 656 761 699 nuperi
775 656 911 699 contagii
926 666 973 688 oe-

233 710 357 743 casione
382 710 565 743 commercii
590 709 744 742 celebrari
769 719 832 742 non
858 709 972 753 possit:

278 764 292 807 ἓ
316 763 346 796 2.
373 763 451 796 Hinc
476 763 621 807 estquod
642 773 710 803 nos,
731 762 973 805 Congregationi

234 816 412 849 huiusmodi
438 821 617 860 opportune
642 817 744 849 bacin
762 827 794 849 re
808 816 974 860 providere

235 870 382 913 volentes,
407 881 442 903 ac
468 869 505 902 de
531 870 610 902 infra
635 870 869 902 nominatorum
895 869 975 902 eius-

235 924 305 957 dem
321 923 579 966 Congregationis
597 923 816 965 religiosorum
829 932 975 966 expresse

234 978 450 1022 professorum
466 976 644 1021 prudentia,
661 987 767 1009 rerum
782 976 974 1019 agendarum

236 1031 360 1075 peritia,
379 1030 575 1069 dexteritate,
600 1030 749 1063 charitate
768 1035 797 1063 et
815 1029 976 1073 religionis

237 1084 304 1117 zelo
328 1084 501 1128 plurimum
527 1083 556 1115 in
583 1084 716 1116 Domino
741 1083 866 1124 confisi,
892 1083 977 1115 audi-

237 1140 330 1182 taque
355 1148 449 1182 super
470 1137 596 1170 illorum
617 1137 819 1181 qualitatibus
833 1141 863 1171 et
877 1137 979 1180 requi-

238 1192 303 1231 sitis
329 1191 515 1224 venerabilis
542 1191 646 1223 fratris
676 1191 775 1224 nostri
809 1190 878 1223 Iulii
911 1191 978 1234 epi-

238 1245 322 1290 scopi
333 1244 513 1278 Sabinensis
522 1250 645 1277 sanctae
655 1245 812 1277 Romanae
824 1244 980 1277 Ecclesiae

240 1299 406 1332 cardinalis
430 1298 585 1333 Sacelietti
612 1299 781 1342 nuncupati
806 1298 981 1342 Congrega-

240 1354 333 1387 tionis
352 1353 530 1397 praedictae
547 1353 630 1397 apud
648 1363 704 1385 nos
722 1358 751 1385 et
769 1352 881 1385 Sedem
901 1353 981 1396 Apo-

240 1406 382 1440 stolicam
407 1406 596 1450 protectoris
614 1406 774 1445 relatione,
792 1415 914 1438 necnon
932 1415 982 1437 eo-

241 1459 385 1493 rumdem
411 1459 525 1492 Sanctii
560 1459 732 1503 praepositi
766 1458 921 1501 generalis
954 1463 981 1491 et

243 1514 465 1557 religiosorum
490 1513 666 1555 singulares
696 1523 848 1556 personas
872 1523 888 1544 a
913 1512 981 1555 qui-

243 1566 349 1599 busvis
363 1566 704 1608 excommunicationis,
720 1565 934 1610 suspensionis
956 1568 985 1598 ct

243 1619 410 1660 interdicti,
428 1619 558 1663 aliisque
575 1618 794 1652 ecelesiasticis
812 1618 983 1659 sententiis,

243 1673 383 1707 censuris
409 1679 439 1706 et
463 1673 582 1717 poenis,
602 1684 618 1705 a
638 1673 704 1705 iure
729 1673 775 1705 vel
790 1672 828 1704 ab
846 1672 983 1712 bomine,

244 1727 352 1771 quavis
377 1726 542 1760 occasione
560 1727 606 1759 vel
627 1728 720 1759 causa
738 1726 817 1767 latis,
831 1726 854 1757 si
870 1725 984 1769 quibus

244 1780 483 1824 quomodolibet
504 1779 669 1813 innodatae
694 1780 839 1819 existunt,
860 1779 896 1811 ad
916 1778 985 1811 elfe-

245 1840 329 1867 ctum
361 1835 572 1878 praesentium
599 1835 760 1867 dumtaxat
788 1844 983 1878 consequen-

246 1888 331 1930 dum,
350 1888 461 1921 barum
477 1888 557 1921 serie
571 1888 767 1921 absolventes
779 1894 806 1921 et
826 1888 985 1921 absolutas

247 1942 313 1974 sore
326 1945 499 1981 censentes,
513 1941 795 1985 supplicationiluis
820 1940 894 1973 dicti
911 1941 986 1973 San-

248 1994 298 2028 etii
309 1994 477 2038 praepositi
489 1995 644 2038 generalis
655 1994 781 2028 nomine
792 1994 882 2027 nobis
892 2005 987 2038 super

248 2047 308 2081 boc
332 2048 492 2082 humiliter
516 2048 670 2091 porrectis
692 2048 841 2087 inclinati,
858 2048 988 2081 dilectos

249 2101 330 2134 filios
354 2101 513 2134 Cosimum
541 2102 647 2139 lmnza,
675 2101 905 2145 presbyterum,
931 2112 989 2145 pro

251 2154 382 2196 Siciliae,
393 2154 539 2187 loannem
548 2154 716 2197 Baptistam
726 2154 881 2196 Bai-beris,
896 2155 989 2186 etiam

252 2208 480 2252 presbyterium,
494 2218 551 2251 pro
568 2208 782 2251 Neapolitana,
794 2208 989 2242 vincentium

252 2262 338 2301 Colli,
363 2262 488 2301 laicum,
505 2272 561 2305 pro
578 2262 816 2304 Mediolanensi,
843 2272 878 2295 ac
902 2263 991 2295 loan-

253 2324 323 2347 nem
348 2315 476 2348 Mariam
504 2315 579 2355 l'oli,
604 2315 696 2347 etiam
723 2316 847 2355 laicum,
863 2326 919 2359 pro
934 2316 993 2347 Ro-

255 2370 346 2401 mana
363 2368 532 2412 provinciis
545 2369 802 2412 tlongregationis
816 2368 992 2412 praedictae

256 2422 464 2461 consultores,
489 2431 610 2454 necnon
636 2422 780 2455 loannem
802 2421 992 2465 Stephanum

256 2475 427 2516 tlaribaldi,
449 2475 679 2518 presbyterum,
696 2475 795 2508 dietae
816 2476 993 2519 (longi-ega-

1640 169 1703 202 267

1001 227 1102 261 vincia
1128 226 1349 260 Mediolanensi
1368 227 1551 270 respective,
1566 226 1603 258 ad
1619 232 1741 270 tempus

1001 292 1063 325 quo
1076 281 1243 314 existentes
1257 291 1314 324 pro
1329 284 1469 324 tempore
1484 280 1742 323 Congregationis

1002 334 1183 368 huiusmodi
1212 334 1409 367 consultores
1442 340 1471 366 et
1500 334 1616 366 arbiter
1641 333 1742 366 officia

1003 400 1058 422 sua
1083 389 1166 422 iuxta
1192 387 1350 431 regularia
1373 387 1469 430 ipsius
1485 387 1744 430 t‘longregationis

1004 442 1143 476 instituta
1166 441 1351 474 auctoritate
1373 441 1543 483 apostoliea
1562 440 1745 473 confirmata

1005 505 1117 539 gerere
1153 499 1402 535 consueverunt,
1435 493 1538 525 statim
1571 499 1663 537 atquc
1700 504 1747 525 su-

1006 548 1138 593 pradicti
1165 547 1307 580 moderni
1339 546 1535 579 consultores
1568 552 1597 578 et
1629 546 1747 579 arbiter

1006 608 1130 646 tempus
1156 613 1247 635 suum
1271 601 1444 645 respective
1465 600 1691 643 coinplererint.
1717 605 1747 634 ut

1007 655 1220 699 praemittitur
1246 654 1467 696 inchoandum,
1497 654 1668 697 apostolica
1694 665 1748 686 au-

1007 710 1168 751 ctoritate,
1200 714 1307 742 tenore
1336 708 1562 753 praesentium,
1588 709 1748 741 constitui-

1008 774 1077 796 mus
1102 767 1131 797 et
1154 762 1349 806 deputamus.

1053 818 1067 861 g
1087 817 1116 850 3.
1143 817 1321 850 Mandantes
1347 822 1494 860 proterea
1510 816 1537 847 iu
1553 815 1667 849 virtute
1681 825 1749 848 san-

1009 877 1076 904 etae
1101 871 1309 911 obedientiae,
1332 880 1367 903 ac
1388 870 1445 902 sub
1465 870 1687 912 indignationis
1701 880 1752 902 no-

1010 931 1092 957 strae
1117 924 1248 968 aliisque
1273 923 1396 957 arbitrii
1422 923 1519 955 nostri
1544 923 1652 967 poenis
1669 923 1752 957 dieto

1011 978 1135 1011 Sanctio
1160 977 1342 1021 praeposito
1361 976 1518 1019 generali,
1547 987 1582 1008 ac
1607 976 1753 1008 omnibus

1011 1038 1041 1064 et
1073 1031 1205 1075 singulis
1236 1036 1483 1064 memoratarum
1517 1030 1752 1074 provinciarum

1012 1085 1180 1128 religiosis,
1193 1085 1368 1128 ceterisque
1378 1084 1415 1117 ad
1430 1095 1508 1128 quos
1523 1084 1755 1127 quoquomodo

1013 1145 1129 1183 spectat
1152 1144 1179 1171 et
1206 1138 1361 1182 spectabit
1387 1138 1416 1170 in
1442 1138 1594 1180 futurum,
1612 1142 1643 1172 ut
1661 1148 1755 1181 supra

1014 1192 1192 1225 nominatos
1221 1191 1386 1233 religiosos
1419 1191 1455 1223 ad
1492 1191 1593 1223 officia
1626 1190 1669 1223 eis
1701 1200 1756 1234 per

1013 1251 1194 1290 praesentes
1226 1245 1412 1278 demandata
1445 1244 1618 1277 exercenda
1650 1254 1757 1288 respe-

1015 1299 1094 1333 ctive
1121 1300 1292 1344 recipiant,
1319 1299 1442 1342 illisque
1468 1299 1589 1331 faveant
1622 1304 1651 1330 et
1683 1299 1758 1331 assi-

1015 1358 1115 1391 stant3
1142 1363 1176 1385 ac
1201 1352 1406 1386 decernentes
1432 1351 1556 1383 easdem
1579 1357 1759 1395 praesentes

1016 1405 1135 1439 litteras
1168 1405 1286 1445 firmas,
1320 1405 1436 1437 validas
1469 1410 1499 1437 et
1530 1405 1672 1437 efficaces
1698 1405 1760 1436 cxi-

1017 1465 1099 1491 stere
1125 1462 1154 1492 et
1179 1458 1256 1499 fore,
1281 1469 1316 1490 ac
1341 1458 1586 1502 praenominatis
1605 1458 1760 1501 religiosis

1017 1512 1198 1556 plenissime
1224 1511 1402 1554 suffragari,
1428 1515 1457 1545 et
1483 1511 1521 1543 ab
1543 1512 1613 1550 illis,
1628 1511 1665 1543 ad
1683 1522 1761 1555 quos

1018 1571 1137 1610 spectat
1162 1571 1191 1598 et
1214 1576 1272 1609 pro
1300 1571 1441 1609 tempore
1467 1565 1636 1608 spectabit,
1668 1565 1763 1598 invio—

1019 1619 1155 1652 labiliter
1180 1618 1358 1658 observari,
1384 1618 1491 1661 sieque
1521 1618 1550 1649 in
1581 1618 1762 1662 praemissis

1018 1682 1076 1715 per
1105 1682 1323 1715 quoscumque
1363 1671 1482 1704 iudices
1521 1671 1699 1704 ordinarios
1734 1677 1763 1703 et

1018 1725 1199 1769 delegatos,
1232 1725 1324 1757 ctiam
1355 1735 1521 1757 causarum
1554 1725 1659 1767 palatii
1693 1735 1764 1767 apo-

1019 1779 1119 1812 stolici
1145 1778 1314 1816 auditores,
1340 1778 1471 1810 iudicari
1501 1783 1529 1810 et
1555 1778 1679 1810 deliniri
1704 1778 1764 1811 de-

1019 1833 1104 1872 bere,
1121 1843 1154 1865 ac
1181 1833 1304 1865 irritum
1338 1837 1368 1864 et
1399 1832 1499 1869 inane,
1518 1832 1541 1863 si
1564 1842 1654 1864 secus
1671 1842 1766 1875 super

1020 1887 1067 1919 liis
1092 1897 1108 1919 a
1133 1896 1303 1930 quoquam,
1321 1885 1430 1929 quavis
1455 1886 1651 1925 auctoritate,
1671 1886 1766 1918 scien<

1022 1944 1067 1973 ter
1085 1940 1130 1971 rel
1150 1940 1342 1982 ignoranter,
1368 1939 1535 1981 eontigerit
1559 1940 1713 1973 attentari.

1066 1994 1080 2035 ,ξ
1113 1993 1142 2025 4.
1178 1993 1246 2025 Non
1271 1992 1467 2025 obstantibus
1492 1993 1696 2035 praemissiS,
1731 2003 1765 2025 ac

1022 2045 1298 2079 constitutionibus
1322 2051 1351 2077 et
1376 2046 1626 2079 ordinationilms
1646 2052 1767 2089 aposto-

1023 2099 1107 2139 licis,
1127 2109 1248 2131 necnon
1270 2099 1529 2142 tlongregationis
1547 2105 1577 2131 et
1594 2101 1771 2143 provincia*

1026 2164 1094 2185 rum
1121 2152 1314 2192 huiusmodi,
1339 2153 1447 2185 aliisve
1472 2153 1643 2196 quibusvis,
1673 2154 1767 2186 etiam

1026 2207 1220 2242 iuramento.
1247 2206 1487 2240 confirmatione
1505 2207 1695 2250 apostolica,
1722 2208 1766 2239 vel

1026 2261 1136 2305 quavis
1159 2261 1219 2294 alia
1245 2261 1393 2293 firmitate
1412 2261 1580 2302 roboratis,
1599 2261 1720 2294 statutis
1740 2266 1769 2291 et.

1027 2314 1321 2354 consuetiulinibus,
1336 2314 1510 2357 privilegiis
1525 2324 1659 2356 quoquc,
1674 2313 1770 2345 indul-

1029 2370 1065 2403 tis
1098 2373 1126 2402 et
1159 2368 1269 2401 litteris
1302 2369 1484 2412 apostolicis
1516 2368 1544 2399 iu
1575 2368 1768 2400 contrarium

1029 2421 1272 2466 praemissorum
1316 2420 1549 2464 quomodolibet
1590 2421 1770 2458 concessis,

1029 2475 1222 2507 conlirmatis
1248 2481 1274 2507 et
1304 2475 1471 2511 innovatis3
1491 2475 1604 2517 quibus
1624 2474 1771 2507 omnibus

258 2527 350 2560 tionis
387 2527 551 2570 religiosos
589 2537 735 2571 expresse
767 2530 939 2572 professos,
966 2529 994 2560 in
1030 2534 1059 2561 et
1077 2528 1224 2570 singulis,
1252 2528 1377 2561 illorum
1405 2533 1528 2559 tenores
1554 2528 1771 2571 praesentibus

259 2580 410 2614 arbitrum
426 2581 565 2614 eiusdem
581 2581 840 2624 Congregationis
854 2593 911 2626 pro
929 2593 995 2625 pro-
1030 2593 1088 2625 pro
1115 2582 1205 2625 plene
1231 2587 1256 2613 et
1286 2581 1476 2613 sullicienter
1496 2582 1650 2625 expressis
1672 2587 1701 2614 et
1727 2582 1771 2613 in-

1751 178 1799 204 Αη.
1820 177 1848 205 C.
1872 178 1938 205 1557

1801 829 1859 853 ipsas
1883 828 1949 853 recipi

1767 855 1860 875 mandat.

1782 1975 1891 1996 Ceutraiia
1905 1975 1964 1996 tellit.
