2243 3205
17 141 65 168 An.
81 140 111 166 C.
135 138 201 166 1659

29 1317 133 1340 statutum
143 1316 203 1342 prue-

22 1346 119 1367 ins‘trlum
129 1341 203 1358 rotthr-

22 1374 62 1393 mat
106 1368 203 1387 Summus

23 1397 123 1420 Pontia-x.

42 2194 46 2198 ι
57 2167 166 2189 Decretum
182 2168 209 2189 ir-

30 2197 105 2216 ntem.

812 134 999 158 ALEXANDEP.
1025 134 1068 156 vu
1094 134 1142 155 ΓΡ,

214 184 297 217 idem
321 183 503 217 Vincentius
527 182 720 227 apostolieae
745 182 954 216 confirmatio-

213 237 260 270 nis
285 241 412 269 nostrae
443 236 559 269 robore
584 235 774 269 communiri
806 246 950 268 summo-

213 301 289 335 pere
305 290 462 324 desideret
478 293 625 323 statutum
641 289 874 323 fundamentale
889 300 953 322 me-

213 350 353 378 moratae
366 344 624 387 Congregationis
639 344 722 377 cirea
735 348 952 387 paupertatem

213 397 331 430 editum
358 398 477 431 tenoris
505 397 556 441 qui
577 398 735 441 sequitur:
759 410 771 428 (t
787 396 901 430 Omnes
925 402 955 429 et

213 451 327 494 singuli
347 451 378 483 in
395 453 501 484 nostr-<⁴1
515 451 762 494 Congregatione
775 450 866 483 dietis
884 460 955 493 qua-

213 509 286 537 tuor
311 504 391 537 votis
415 504 537 536 emissis
559 503 688 547 recepti,
715 503 768 547 qui
795 503 876 535 bona
902 503 955 535 im-

214 557 342 590 mobilia
358 558 403 591 vel
417 557 569 590 beneficia
582 556 735 600 simplicia
749 555 953 600 possideant¹,

214 616 267 643 aut
293 611 322 643 in
348 611 487 644 futurum
512 611 729 655 possidebunt,
755 610 828 642 licet
852 609 954 642 domi-

213 664 301 697 nium
328 664 454 697 illorum
480 663 621 697 omnium
640 664 804 703 retineant,
829 673 954 696 eorum-

213 716 283 749 dem
311 722 414 750 tamen
437 727 529 750 usum
554 716 689 749 liberum
714 727 775 750 non
807 715 955 757 liabent‘z,

214 770 292 802 itaut
316 780 416 814 neque
441 770 560 803 fructus
584 780 622 802 ex
647 769 827 802 huiusmodi
863 769 955 802 bonis

214 823 261 855 vel
280 823 441 856 benefieiis
459 822 680 867 provenientes
694 822 841 862 retinere,
854 832 956 865 neque

215 876 246 908 in
269 876 417 920 proprios
442 886 528 915 usus,
543 875 608 908 sine
624 874 750 908 lieentia
770 874 956 918 superioris,

215 928 384 973 quicquam
396 933 580 962 convertere
592 927 721 972 possint,
733 927 787 960 sed
798 927 835 960 de
846 927 955 960 iisdem

215 981 369 1015 fructibus
393 993 464 1016 cum
485 981 630 1014 facultate
652 985 681 1013 et
702 980 859 1012 arbitratu
883 979 956 1014 dicti

215 1035 389 1078 superioris
403 1035 433 1067 in
449 1035 501 1078 pia
514 1044 612 1078 opera
626 1033 794 1076 disponere
808 1033 958 1065 tenebun-

216 1092 276 1120 tur.
298 1087 328 1121 Si
346 1093 450 1120 autem
468 1091 614 1131 parentes
632 1091 685 1119 aut
700 1085 894 1129 propinquos
913 1086 959 1118 in-

216 1139 358 1183 digentes
382 1140 568 1180 habuerint,
594 1139 741 1182 superior
766 1139 903 1179 curabit,
926 1145 960 1174 ut

218 1204 349 1227 suorum
367 1193 605 1226 necessitatibus
630 1198 700 1224 ante
716 1192 823 1224 omnia
843 1192 880 1224 de
898 1192 957 1224 hu-

218 1247 355 1279 iusmodi
369 1246 525 1279 fructibus
540 1246 568 1278 in
584 1245 717 1278 Domino
729 1245 914 1277 subveniant
932 1256 957 1277 »z

262 1303 277 1344 fi
294 1300 323 1333 3.
338 1301 410 1341 Nos,
428 1300 531 1344 ipsum
547 1299 742 1332 vincentium
761 1298 956 1342 superiorem

219 1354 398 1397 generalem
424 1353 630 1396 amplioribus
656 1351 814 1384 favoribus
840 1357 869 1384 et
892 1362 960 1394 gra-

220 1407 270 1439 tiis
297 1406 445 1451 prosequi
472 1406 623 1445 volentes,
641 1410 671 1437 et
692 1416 708 1436 a
729 1404 890 1448 quibusvis
908 1414 955 1437 ex-

219 1460 532 1501 communicationis,
558 1465 614 1492 etc.
631 1487 638 1499 ,
662 1459 774 1491 barum
801 1459 881 1491 serie
905 1458 958 1490 ab·

220 1514 376 1547 solventes
401 1518 429 1546 et
458 1513 636 1546 absolutum
673 1512 739 1545 sore
776 1517 958 1553 censentes,

219 1566 501 1612 supplicationibus
526 1566 592 1599 eius
610 1565 737 1598 nomine
752 1565 844 1598 nobis
865 1575 960 1608 super

221 1621 281 1654 hoe
305 1620 467 1653 humiliter
491 1620 646 1663 porrectis
671 1618 821 1659 inclinati,
846 1618 884 1651 de
909 1629 958 1651 ve—

219 1673 407 1706 nerabilium
441 1673 574 1705 fratrum
607 1677 786 1705 nostrorum
813 1672 841 1705 S.
871 1672 905 1704 R.
927 1672 959 1704 E.

221 1727 425 1760 cardinalium
438 1726 518 1759 sacri
531 1725 654 1759 concilii
669 1725 876 1769 interpretum
892 1735 962 1758 con-

221 1780 301 1821 silio,
326 1779 495 1812 statutum⁸
515 1779 754 1823 praeinsertum,
776 1778 961 1811 auctoritate

221 1833 405 1878 apostolica,
423 1838 533 1866 tenore
549 1833 774 1876 praesentium,
795 1831 962 1865 confirma-

222 1898 292 1921 mus
309 1893 339 1920 et
359 1887 580 1931 approbamus,
601 1886 709 1930 illique
727 1885 914 1919 inviolabilis
932 1896 962 1918 a-

222 1941 395 1986 postolicae
419 1940 575 1973 firmitatis
598 1940 698 1972 robur
722 1939 903 1979 adiicimus‚
928 1949 964 1972 ac

222 2004 332 2028 omnes
356 1997 386 2027 et
410 1993 551 2036 singulos
575 1992 653 2025 iuris
670 1998 699 2025 et
718 1992 790 2025 faeti
815 1992 963 2034 desectus,

223 2049 248 2082 si
274 2048 326 2092 qui
357 2048 491 2091 desuper
523 2046 760 2091 quomodolibet
789 2045 964 2079 intervene-

224 2102 303 2144 rint,
329 2101 521 2146 supplemus.

269 2156 284 2199 ἓ
300 2155 329 2188 4.
350 2155 560 2187 Decernentes
576 2152 702 2185 easdem
723 2157 904 2196 praesentes
920 2152 966 2184 lit-

226 2214 309 2242 teras
328 2218 454 2251 semper
472 2208 589 2247 firmas,
608 2211 677 2247 ete„
691 2205 825 2238 existere
843 2210 871 2237 et
890 2205 965 2246 sore,

227 2267 296 2303 etc.‚
310 2262 416 2305 sicque
434 2261 464 2293 in
477 2260 659 2304 praemissis
678 2270 734 2303 per
750 2269 966 2303 quoscumque

228 2315 357 2356 iudices
372 2320 441 2354 ete„
461 2313 585 2346 definiri
603 2313 728 2353 debere,
747 2323 782 2345 ae
797 2312 919 2346 irritum
939 2318 968 2344 et

229 2371 330 2410 inane,
348 2369 372 2401 si
391 2379 490 2409 secus,
509 2372 577 2408 etc„
595 2367 762 2410 eontigerit
779 2367 934 2399 attentari.

266 2454 276 2478 ¹
300 2451 430 2485 Legerem
447 2448 595 2483 possident
614 2448 653 2481 (u.
671 2448 719 2480 τ.).

264 2495 280 2522 2
300 2494 348 2521 Vet
368 2493 456 2529 potius
475 2492 599 2519 habeant
619 2491 656 2526 (a.
673 2490 721 2523 Τ.).

265 2541 281 2567 3
302 2539 371 2566 Edit.
388 2538 467 2564 Main,
485 2537 549 2572 legit
562 2539 669 2564 statum
684 2535 720 2569 (a.
738 2536 786 2569 Γ).

316 2593 392 2621 Bull.
415 2592 497 2618 Rom.
513 2606 546 2609 —
566 2589 627 2616 Vol.
643 2588 719 2616 XVI.
869 2587 902 2613 62

1641 120 1705 151 sib‘t't
1752 128 1799 153 tr.
1819 125 1847 152 r..
1866 127 1932 153 1659

1032 181 1098 223 ἓξ).
1136 180 1202 213 Non
1236 179 1434 212 obstantibus
1467 177 1672 222 praemissis,
1697 187 1732 209 ae
1776 189 1884 208 ‹tn-,iam
1901 195 1932 208 re.

988 234 1134 267 omnibus
1159 238 1189 265 et
1213 232 1344 275 singulis
1369 232 1439 272 illis,
1457 242 1536 275 quae
1557 232 1586 263 in
1606 230 1732 274 praedi·
1749 215 1808 235 ΜΝ

988 287 1045 320 ctis
1069 286 1182 319 litteris
1208 285 1365 318 voluimus
1390 296 1451 317 non
1477 284 1624 323 obstare,
1654 288 1732 315 eete-

988 341 1094 384 risque
1119 339 1286 372 contrariis
1312 339 1573 382 quibuscumque.

1032 393 1047 437 ξ
1071 392 1100 425 6.
1126 392 1277 425 Volumus
1301 397 1404 423 autem
1421 419 1428 432 ,
1454 396 1487 423 ut
1518 390 1729 433 praesentium
1784 403 1934 432 ·1·1,31„1t1„1‚1.,.

988 445 1203 489 transumptis,
1230 454 1335 484 manu,
1366 449 1435 484 ete,
1459 444 1563 486 sigillo
1589 443 1732 486 superio-
1751 435 1795 449 ’Μ
1811 430 1870 450 ¹¹⁴⁰*

988 499 1031 532 ris
1046 497 1469 542 generalisCongregationis
1483 497 1649 540 praefatae,
1661 502 1730 535 ete,

988 553 1096 586 eadem
1121 563 1253 596 prorsus
1277 551 1395 595 ubique
1411 551 1554 583 locorum
1576 550 1652 582 tides
1677 550 1731 581 ad-

989 606 1143 646 hibeatur,
1169 616 1249 649 quae
1274 605 1415 649 ipsismet
1439 603 1658 647 praesentibus
1683 603 1732 635 ad-

989 660 1162 700 hiberetur,
1177 659 1201 692 si
1218 659 1321 692 forent
1339 657 1496 690 exhibitae
1515 657 1560 688 vel
1580 662 1731 689 ostensae.

1032 714 1143 746 Datum
1167 714 1301 753 Romae,
1326 711 1406 755 apud
1435 710 1464 743 S.
1489 709 1616 742 Mariam
1641 709 1733 741 Maio-

990 778 1066 809 rem,
1094 766 1151 800 sub
1165 766 1280 799 annulo
1314 764 1498 804 piscatoris,
1524 763 1573 795 die
1602 773 1646 795 x11
1672 773 1731 794 au-

990 820 1072 864 gusti
1098 830 1228 860 MneL1x‚
1254 818 1457 863 pontificatus
1471 816 1570 850 nostri
1585 826 1667 849 anno
1685 826 1714 848 v.

1025 883 1086 910 Dat.
1108 881 1151 909 die
1175 882 1205 908 12
1225 880 1332 916 augusti
1353 880 1433 912 1659,
1452 878 1547 915 pontif.
1569 886 1613 905 an.
1635 885 1661 903 v.

1306 995 1423 1030 CCLIV.

994 1067 1200 1110 Confirmatio
1225 1066 1342 1099 decreti
1365 1064 1625 1109 eonyreqationis
1645 1063 1731 1106 epis*-

1036 1130 1189 1163 coporum
1221 1124 1249 1152 et
1281 1118 1483 1161 regyularz'wn
1501 1144 1508 1155 ‚
1536 1127 1599 1160 quo
1625 1115 1735 1148 eadem

1037 1173 1241 1216 conyreyatio
1266 1171 1413 1214 z'ninnqit
1446 1169 1663 1202 commissario
1688 1179 1736 1210 qe<

1037 1226 1144 1260 nerali
1179 1226 1289 1258 curiae
1315 1224 1449 1259 Ordinis
1475 1223 1635 1255 Mineruae
1659 1232 1735 1253 San-

1038 1281 1078 1313 cti
1095 1279 1267 1313 Francisci
1284 1278 1322 1310 cle
1344 1277 1564 1315 Ohserrantz'aei,
1586 1279 1620 1307 *nt
1641 1274 1736 1306 alind

1037 1334 1200 1367 decretum
1226 1333 1331 1365 dictae
1356 1329 1616 1373 conw'eqationis
1633 1328 1736 1360 omni-

1037 1399 1078 1421 no
1103 1387 1219 1430 exequi
1243 1385 1375 1418 mandet
1399 1383 1634 1427 supcrneqotio
1646 1392 1737 1424 prae-

1040 1447 1145 1474 tensae
1169 1439 1337 1472 erectionis
1363 1436 1526 1470 custodiae
1551 1435 1737 1468 Recollecto-

1038 1505 1114 1527 rum
1137 1491 1390 1535 Lotlzarinyiae,
1417 1494 1445 1522 et
1467 1493 1661 1533 perpetuum
1687 1488 1737 1519 si-

1041 1548 1178 1580 lentium
1223 1543 1486 1589 imponendum:
1522 1543 1590 1574 eins
1628 1545 1737 1573 aulem

1039 1604 1212 1634 conventus
1238 1603 1266 1631 et
1291 1599 1400 1631 domos
1424 1596 1480 1628 sut»
1506 1595 1687 1628 obedientia
1709 1598 1737 1626 et

1039 1654 1194 1697 qubernio
1217 1651 1405 1696 provinciae
1440 1649 1603 1682 Franciae
1632 1648 1735 1681 Pari-

1038 1708 1153 1741 siensis
1165 1707 1297 1739 omnino
1306 1703 1461 1747 redz'gyend
1466 1704 1476 1735 i
1485 1707 1512 1735 et
1523 1701 1737 1734 suln'iciendae'¹.

1191 1776 1356 1804 Alexander
1381 1775 1460 1807 Papa
1479 1774 1543 1806 VII,

1139 1823 1174 1848 ad
1195 1822 1327 1848 futuram
1347 1819 1392 1846 rei
1413 1818 1595 1845 memoriam.

1783 1882 1825 1907 Sup
1831 1881 1917 1907 plicatio

1042 1886 1056 1929 ξ
1082 1885 1110 1917 1.
1136 1883 1256 1927 Exponi
1281 1882 1372 1915 nobis
1403 1891 1503 1924 nuper
1529 1880 1670 1912 fecerunt
1694 1877 1739 1910 di-

998 1939 1069 1972 leeti
1094 1938 1149 1970 filii
1174 1938 1235 1970 Leo
1259 1935 1422 1975 Lefebure,
1451 1933 1592 1966 minister
1618 1931 1740 1975 provin-

999 1992 1094 2032 etatis,
1120 1997 1149 2023 et
1175 1991 1285 2022 fratres
1309 1987 1488 2032 provinciae
1515 1985 1664 2018 Frantfiae
1689 1985 1741 2017 ra-

998 2045 1139 2079 risiensis
1152 2043 1276 2077 Ordinis
1302 2042 1435 2074 fratrum
1460 2039 1616 2073 'Minorum
1643 2037 1739 2070 saneti

999 2097 1156 2132 Francisci
1182 2096 1220 2128 de
1246 2093 1448 2128 Observantia
1476 2095 1741 2135 nuncupatorum,

999 2152 1082 2197 quod
1096 2151 1171 2183 alias
1189 2151 1260 2193 (pro
1277 2159 1387 2181 eorum
1406 2152 1494 2191 parte
1511 2144 1743 2177 venerabilibus

1002 2205 1152 2239 fratribus
1165 2203 1281 2247 nostris
1291 2202 1320 2234 S.
1334 2202 1366 2234 R.
1378 2201 1409 2233 E.
1423 2198 1634 2232 cardinalibus
1649 2207 1744 2239 nego-

1002 2258 1051 2290 tiis
1065 2263 1094 2289 et
1111 2254 1393 2290 consultationibus
1412 2253 1633 2296 episeopormu
1653 2255 1678 2281 et
1700 2261 1743 2281 re-

1002 2311 1159 2354 gularium
1183 2308 1370 2352 praepositis
1388 2306 1540 2349 exposito,
1559 2304 1652 2347 qumi,
1673 2304 1744 2335 lieet

1003 2364 1096 2396 iidem
1115 2362 1288 2395 cardinales
1308 2370 1363 2403 per
1382 2370 1491 2391 eorum
1512 2358 1673 2389 ‹leet-etum
1696 2356 1745 2388 ‹lie

1004 2428 1034 2450 tx
1060 2415 1240 2449 novembris
1265 2423 1393 2447 mnenvn
1424 2416 1613 2452 eiuanattiin,
1639 2410 1744 2442 audita

1004 2470 1154 2503 relatione
1174 2466 1388 2512 procuratoris
1417 2465 1572 2508 generalis
1590 2463 1662 2495 dieti
1689 2464 1746 2494 ttr-

1044 2534 1051 2559 t
1076 2531 1113 2558 Ex
1134 2530 1240 2566 Regest.
1262 2529 1288 2556 in
1309 2529 1410 2555 Secret.
1433 2527 1507 2554 Brev.
