2185 3188
57 196 106 223 An.
122 192 150 220 C.
174 191 240 220 1656

86 413 114 435 Ad
138 412 238 433 oranitum

76 447 98 462 ro
108 440 239 460 necessitatu-

77 472 100 488 ιιι
123 464 238 492 praesenti>

61 495 98 515 bru
113 493 214 513 hortatur.

99 1369 172 1391 Preces
188 1371 208 1389 et
223 1374 245 1388 ο·

70 1402 117 1423 pern
126 1396 201 1417 Romae
210 1394 245 1415 de-

69 1423 160 1450 gentibus
179 1422 245 1442 iniun-

69 1450 103 1476 git.

105 2539 168 2563 nnn
189 2542 260 2563 urbem

859 186 1044 212 ALEXANDER
1067 187 1111 212 vn
1135 188 1183 212 PP.

255 249 374 278 sauros,
398 247 534 281 quorum
561 237 794 281 dispensatores
818 246 835 268 a
859 235 992 269 Domino

254 291 412 326 constituti
437 302 555 332 sumus,
575 292 717 335 proferre
738 295 767 323 et
792 299 923 332 erogare
944 289 994 323 de-

254 345 419 378 crevimus⁴

298 398 313 442 ἓ
337 398 366 430 Ἰ.
392 398 509 441 ltaque,
527 407 562 430 ex
586 402 674 441 parte
695 395 919 439 omnipotentis
941 395 992 427 Dei

255 451 353 485 Patris
379 456 408 483 et
432 450 500 483 Filii
526 455 554 482 et
579 449 713 493 Spiritus
737 448 859 487 Sancti,
885 457 994 481 omnes

255 510 284 537 et
309 504 448 548 singulos
472 503 636 546 utriusque
651 512 743 535 sexus
764 501 993 542 christifideles,

256 563 316 590 tam
342 558 372 590 in
398 557 507 590 eadem
541 556 622 588 alma
648 555 730 589 Urbe
759 556 866 588 nostra
901 565 1012 598 quamf

255 616 342 645 extra
364 611 495 644 ubilibet
518 610 661 644 locorum
687 609 888 649 constitutos,
914 619 992 652 apo-

255 665 364 698 stolica
397 664 581 697 auctoritate
617 668 746 706 paterne
783 662 995 706 requirimus,

256 727 420 751 monemus
445 723 474 750 et
500 717 529 749 in
554 716 685 750 Domino
721 715 927 749 adhortamur
958 715 996 748 ad

256 771 454 814 infrascripta
479 770 589 803 devote
614 769 828 813 peragendum
850 775 880 802 et
897 768 996 801 adim-

256 824 415 869 plendum,
430 824 510 857 etad
527 825 625 857 Deum
642 823 835 857 Salvatorem
853 828 995 856 nostrum

256 878 431 920 orandum,
457 883 491 910 ut
523 888 580 921 per
611 877 728 910 viscera
762 876 997 909 misericordiae

257 941 331 965 suae
355 930 447 964 fidem
475 930 660 964 catholicam
685 935 863 973 protegere,
885 929 924 961 ab
943 929 998 962 ho-

257 984 350 1018 stium
376 984 539 1018 conatibus
556 989 585 1016 et
604 983 722 1016 insidiis
736 983 913 1022 defendere,
929 983 998 1015 hae-

258 1038 352 1071 resim
385 1037 562 1081 extirpare,
595 1036 790 1080 principibus
821 1036 1016 1070 christianis*

258 1102 367 1136 pacem
393 1096 423 1124 et
447 1101 552 1124 veram
580 1090 838 1134 tranquillitatem
864 1090 998 1131 donare,

259 1146 391 1190 populos
417 1145 590 1189 epidemiae
616 1145 665 1177 lue
691 1144 821 1178 infectos
853 1144 999 1181 liberare,

259 1205 288 1232 et
314 1205 435 1233 ceteros
467 1199 505 1231 ab
538 1200 572 1231 ea
610 1208 837 1242 praeservare,
869 1198 1001 1242 aliisque

259 1253 477 1297 praesentibus
501 1252 658 1286 Ecclesiae
676 1251 916 1284 necessitatibus
932 1251 1001 1283 sub-

260 1307 366 1339 venire
390 1306 549 1349 dignetur.

304 1360 319 1404 §
341 1360 370 1393 ⁶2.
391 1361 454 1394 Nos
474 1360 567 1401 enim,
588 1359 626 1392 de
639 1359 864 1404 omnipotentis
879 1359 931 1392 Dei
948 1359 1002 1391 mi-

260 1413 433 1446 sericordia
465 1423 500 1445 ac
533 1413 697 1446 beatorum
736 1413 816 1445 Petri
854 1418 881 1444 et
917 1411 1002 1444 Pauli

261 1467 477 1512 apostolorum
503 1467 570 1499 eius
602 1466 787 1499 auctoritate
813 1465 939 1506 contisi,
964 1475 1000 1498 ex

262 1520 314 1553 illa
327 1519 445 1563 ligandi
471 1525 564 1564 atque
578 1519 717 1553 solvendi
730 1523 892 1563 potestate,
906 1529 1001 1563 quam

261 1573 352 1608 nobis
375 1574 528 1607 Dominus
543 1601 550 1615 ,
576 1573 696 1606 meritis
731 1573 860 1606 minime
884 1572 999 1605 suffra-

261 1627 417 1670 gantibus,
442 1627 583 1669 contulit,
608 1627 763 1659 universis
788 1625 1002 1659 christifideli-

263 1681 321 1714 bus
345 1681 377 1713 in
401 1681 482 1713 alma
509 1680 591 1713 Urbe
623 1679 783 1724 praedicta
807 1678 1004 1722 degentibus,

262 1734 314 1778 qui
340 1734 442 1778 spatio
468 1734 561 1767 unius
578 1733 694 1766 mensis
711 1744 728 1766 a
748 1733 797 1766 die
811 1732 900 1766 datae
918 1743 1006 1777 prae-

263 1788 397 1821 sentium
420 1787 621 1831 computandi
636 1787 712 1820 seria
728 1788 813 1819 sexta
828 1786 919 1819 unius
933 1786 1006 1819 lieb-

264 1841 415 1875 domadae
440 1841 519 1875 intra
540 1840 658 1874 dictum
678 1850 818 1873 mensem
835 1840 1005 1872 decurren-

265 1894 322 1928 dae
338 1894 545 1928 ieiunaverint
568 1899 599 1927 ct
623 1899 751 1938 peccata
772 1904 827 1927 sua
847 1892 1003 1926 confessi¹

266 1948 497 1982 sanctissimum
528 1947 742 1981 Eucharistiae
773 1952 1003 1981 sacramentum

267 2007 446 2035 reverenter
460 2002 661 2045 sumpserint,
677 2006 717 2041 et,
731 2012 765 2034 ex
780 2011 818 2034 ne
832 2011 1005 2044 congressu

267 2056 386 2100 populi,
407 2056 432 2089 si
457 2056 577 2099 aliquae
599 2055 758 2095 ecclesiae,
777 2060 810 2087 ut
827 2055 924 2088 moris
945 2058 1005 2094 est,

268 2111 303 2142 ea
328 2109 366 2142 de
390 2110 483 2142 causa
509 2109 718 2148 visitarentur,
742 2108 938 2151 contagionis
955 2119 1006 2141 au-

269 2167 378 2205 geatur
402 2162 594 2206 periculum,
619 2161 704 2195 domi
740 2161 887 2205 privatim
914 2172 1004 2194 rosa-

269 2216 351 2249 rium
378 2215 488 2248 Beatae
513 2215 625 2248 Mariae
651 2215 798 2257 Virginis,
819 2215 865 2247 vel
886 2220 1006 2258 septem

270 2270 406 2314 psalmos
423 2269 660 2313 poenitentiales
678 2279 749 2301 cum
765 2269 879 2301 litaniis
895 2274 925 2301 et
942 2278 1008 2301 ora-

271 2322 407 2356 tionibus
424 2321 587 2362 adiunctis,
608 2321 717 2356 devote
742 2322 838 2355 semel
864 2322 1010 2355 recitave-

273 2374 344 2415 rint,
362 2385 397 2408 ac
419 2381 450 2408 ut
468 2386 563 2418 supra
583 2375 754 2415 oraverint,
772 2380 802 2408 et
819 2375 1009 2419 pauperibus

272 2428 409 2472 aliquam
441 2428 693 2471 eleemosynam,
719 2434 813 2471 prout
843 2427 1011 2471 uilicuique

274 2486 423 2524 suggeret
447 2480 593 2522 charitas,
617 2481 833 2523 erogaverint;

1012 800 1015 841 l

1675 177 1740 211 495

1026 242 1106 269 etam
1133 235 1248 279 ubique
1272 235 1468 279 degentibus,
1486 236 1538 279 qui
1565 235 1595 268 in
1618 235 1694 268 locis
1715 234 1769 267 ubi

1027 288 1112 321 nulla
1136 289 1265 322 omnino
1291 289 1466 333 epidemiae
1492 289 1552 322 luis
1567 288 1703 332 suspicio
1720 287 1770 320 ad-

1028 348 1073 374 est
1091 342 1188 386 (quod
1214 342 1400 386 prudentiae
1420 342 1666 376 Ordinariorum.
1685 342 1769 375 loco-

1029 406 1099 428 rum
1125 395 1598 439 diiudicandumrelinquimus)
1624 396 1771 429 ecelesias

1028 449 1065 481 ab
1092 449 1202 482 iisdem
1228 448 1412 489 [Ji-dinariis,
1438 449 1485 482 vel
1510 459 1620 482 eorum
1648 448 1771 482 vicariis

1029 513 1081 536 seu
1108 502 1311 543 officialibus,
1337 508 1389 535 aut
1414 502 1452 535 de
1477 513 1586 536 eorum
1613 502 1771 542 mandato,

1030 562 1080 599 et,
1108 556 1182 600 ipsis
1215 556 1451 596 deficientibus,
1483 567 1538 600 per
1569 566 1622 589 eos
1645 556 1698 600 qui
1731 555 1772 588 ibi

1030 621 1138 643 curam
1163 610 1341 643 animarum
1367 614 1523 650 exercent,
1549 615 1716 654 postquam
1734 608 1774 642 ad

1031 674 1140 697 eorum
1166 664 1308 697 notitiam
1334 663 1392 696 hae
1412 668 1538 696 nostrae
1563 662 1686 696 litterae
1706 672 1774 706 per-

1032 717 1183 757 venerint,
1198 716 1418 760 designandas,
1433 716 1479 749 vel
1498 716 1703 749 eeclesiarum
1721 715 1775 748 hu-

1032 770 1167 803 iusmodi
1193 770 1346 809 alteram,
1379 770 1480 814 spatio
1513 769 1658 802 similiter
1682 769 1775 802 unius

1034 823 1164 864 mensis,
1189 834 1205 856 a
1231 823 1444 867 publicatione
1469 822 1695 866 designationis
1719 832 1775 865 per

1032 876 1215 910 (lrdinai-iOs
1241 877 1287 909 vel
1314 886 1439 925 eorum⁴
1460 876 1591 909 vicarios
1624 885 1679 908 seu
1710 874 1776 908 offi-

1033 931 1127 964 ciales
1152 931 1198 964 vel
1224 930 1302 964 alios
1326 936 1360 963 ut
1384 930 1560 974 praefertur
1594 928 1752 962 faciendae
1768 955 1775 968 ‚

1034 984 1259 1028 computandi,
1284 984 1392 1017 saltem
1427 984 1522 1016 semel
1559 982 1775 1021 visitaverint,

1034 1043 1086 1071 aut
1111 1038 1188 1077 ubi,
1221 1038 1287 1070 lues
1323 1042 1484 1080 grassatur
1510 1037 1556 1069 vel
1590 1036 1657 1068 eius
1690 1035 1777 1068 adest

1035 1092 1171 1136 suspicio
1197 1103 1251 1125 seu
1272 1090 1468 1135 contagionis
1488 1091 1677 1135 periculum,
1695 1099 1778 1123 rosa-

1036 1146 1117 1179 rium
1144 1151 1197 1179 aut.
1221 1146 1360 1190 psalmos
1384 1145 1541 1189 praefatos
1560 1155 1631 1178 cum
1660 1143 1777 1177 litaniis

1036 1205 1065 1233 et
1089 1198 1284 1233 orationibus
1310 1205 1343 1233 ut
1372 1209 1467 1243 supra
1499 1197 1722 1237 recitaverint,
1748 1202 1779 1229 et

1036 1259 1066 1286 ut
1092 1252 1307 1298 praemittitur
1343 1252 1520 1294 oraverint,
1545 1251 1779 1295 eleemosynam

1036 1311 1068 1341 ut
1093 1317 1190 1351 supra
1207 1306 1418 1350 erogaverint,
1436 1316 1471 1340 ac
1488 1304 1566 1339 seria
1586 1306 1672 1338 sexta
1687 1304 1780 1337 unius

1036 1360 1253 1394 hebdomadae
1278 1360 1358 1393 intra
1383 1358 1530 1392 eumdem
1563 1367 1702 1391 mensem
1729 1356 1780 1390 de-

1036 1414 1211 1447 currendae
1236 1413 1382 1446 similiter
1407 1412 1625 1452 ieiunaverint,
1650 1410 1780 1455 pariter-

1036 1479 1097 1512 que
1131 1473 1260 1512 peceata
1285 1477 1340 1500 sua
1364 1466 1498 1500 confessi
1522 1476 1558 1498 ac
1583 1464 1780 1498 sanctissima

1037 1522 1261 1555 communione
1286 1520 1393 1554 resecti
1419 1520 1545 1560 fuerint,
1563 1518 1780 1562 plenissimam

1037 1574 1179 1607 omnium
1194 1579 1398 1618 peccatorum
1409 1583 1538 1606 suorum
1553 1571 1779 1615 indulgentiam

1037 1634 1067 1661 et
1092 1628 1323 1668 remissionem,
1344 1627 1424 1660 sicut
1443 1627 1473 1658 in
1498 1635 1580 1658 anno
1605 1624 1711 1658 iubilei
1737 1624 1781 1657 vi-

1038 1682 1203 1716 sitantibus
1228 1688 1329 1715 certas
1354 1681 1503 1714 ecclesias
1530 1680 1611 1712 intra
1636 1684 1667 1712 et
1693 1683 1781 1711 extra

1038 1735 1153 1769 Urbem
1179 1735 1308 1768 concedi
1333 1734 1517 1773 consuevit,
1551 1738 1661 1766 tenore
1691 1741 1781 1776 prae-

1039 1789 1172 1822 sentium
1198 1788 1403 1823 concedimus
1428 1792 1458 1820 et
1482 1786 1664 1830 elargimur.
1690 1785 1781 1818 Navi-

1039 1847 1147 1885 gantes
1172 1853 1246 1875 vero
1273 1847 1302 1874 et
1328 1842 1386 1874 iter
1410 1845 1549 1884 agentes,
1566 1844 1610 1880 ut,
1627 1849 1698 1872 eum
1721 1838 1783 1883 pri·

1041 1906 1125 1928 mum
1158 1895 1196 1928 ad
1227 1905 1283 1928 sua
1315 1905 1383 1928 sese
1408 1893 1569 1927 domicilia
1593 1891 1782 1936 receperint,

1039 1949 1262 1993 suprascriptis
1287 1948 1434 1993 peractiS,
1459 1953 1489 1981 et
1513 1946 1636 1980 visitata
1648 1945 1783 1979 ecclesia

1040 2002 1212 2035 cathedrali
1238 2003 1285 2035 vel
1312 2001 1432 2035 maiore
1449 2006 1502 2034 aut
1519 1999 1693 2045 parochiali
1723 1998 1784 2032 loci

1040 2067 1151 2089 eorum
1177 2055 1351 2097 domicilii,
1377 2055 1402 2088 si
1436 2054 1513 2087 inibi
1539 2053 1689 2087 ecclesiae
1716 2052 1785 2084 visi-

1041 2109 1151 2142 tandae
1176 2109 1264 2153 prius
1289 2108 1472 2151 designatae
1493 2107 1618 2149 suerint,
1633 2105 1784 2149 alioquin,

1042 2164 1179 2197 recitatis
1203 2163 1326 2197 rosario
1350 2162 1397 2195 vel
1422 2161 1552 2206 psalmis
1577 2171 1648 2194 cum
1670 2158 1785 2192 litaniis

1041 2223 1071 2249 et
1094 2216 1292 2249 orationibus
1317 2215 1475 2260 praefatis,
1500 2214 1644 2247 eamdem
1676 2212 1782 2245 indul-

1042 2270 1180 2312 gentiam
1204 2269 1354 2313 consequi
1372 2269 1493 2312 possint
1514 2273 1543 2300 et
1564 2267 1695 2299 valeant.

1087 2323 1101 2366 ἓ
1125 2322 1155 2355 4.
1182 2322 1393 2365 Regularibus
1430 2326 1534 2354 autem
1571 2319 1714 2364 personis
1743 2329 1784 2352 u-

1044 2376 1186 2419 triusque
1203 2386 1304 2418 sexus,
1320 2376 1413 2408 etiam
1429 2376 1459 2408 in
1477 2374 1622 2407 claustris
1632 2378 1785 2418 perpetuo

1044 2429 1249 2472 degentibus,
1273 2438 1395 2462 necnon
1423 2428 1491 2460 aliis
1523 2427 1786 2471 quibuscumque,

1027 2499 1030 2533 λ
1047 2488 1108 2515 tam
1126 2482 1213 2514 laicis
1230 2492 1324 2525 quam
1343 2480 1572 2521 ecclesiasticis,
1593 2480 1786 2513 secularibus

319 2535 334 2578 5
357 2533 386 2566 3.
411 2534 528 2568 Ceteris
553 2545 628 2568 vero
652 2540 739 2567 extra
756 2534 871 2569 Urbem
888 2534 1011 2578 praedi·
1049 2536 1094 2567 vel
1122 2534 1331 2578 regularibus,
1349 2534 1442 2567 etiam
1462 2534 1492 2565 in
1511 2544 1648 2574 earcere,
1671 2538 1724 2566 aut
1741 2544 1788 2566 ca-

316 2601 324 2625 l
343 2598 408 2625 Mate
424 2598 478 2625 edit
505 2598 582 2625 Mam.
606 2598 668 2632 legit
688 2598 821 2631 confessis
841 2599 877 2632 (tt.
895 2599 941 2631 r).

1030 2581 1186 2633 Iptivitate
1214 2588 1427 2628 existentibus,
1449 2588 1495 2619 vel
1521 2588 1624 2631 aliqua
1645 2587 1787 2631 eorporis

1786 186 1834 214 An.
1856 186 1883 214 C.
1903 186 1969 214 1656

1785 248 1910 277 degentibus
1920 253 1970 274 ope-

1785 280 1808 295 ra
1824 277 1920 298 iniungit.

1817 2325 1955 2351 ssegulmnliffl
1966 2328 1985 2347 et

1802 2353 1908 2378 impeditis
1937 2359 1985 2373 con-

1802 2379 1903 2399 (assurim
1921 2386 1985 2406 upum

1801 2409 1922 2426 commutet.
