2202 3190
204 196 253 223 An.
270 196 298 223 C.
321 196 388 223 ¹662

228 1105 322 1125 Pontifex
337 1110 386 1125 con-

201 1131 270 1152 firmat
301 1133 385 1158 praedi-

435 187 475 200 ι-ι-

440 187 497 221 112

406 250 509 277 menta
526 270 533 283 ,
557 248 651 287 prout
675 252 753 286 opus
786 243 896 283 suerit,
921 247 951 276 et
974 244 1143 288 requisitus

406 309 470 331 cro.
493 299 600 330 Actum
628 298 755 337 Romae,
774 297 803 329 in
824 297 940 341 palatio
962 298 1071 331 solitae
1088 298 1142 331 ha-

405 351 563 382 bitationis
592 350 794 382 illustrissimi
828 356 857 382 et
888 351 1141 383 reverendissimi

404 403 522 435 domini
550 403 686 445 Fagnani
713 403 743 435 in
768 403 870 436 Monte
896 404 1031 445 Piceno,
1057 415 1142 448 prae-

403 457 542 489 sentibus
567 457 694 498 ibidem⁷
709 456 909 491 audientibus
922 464 951 490 et
970 458 1143 500 intelligen-

404 510 486 542 tibus
511 510 782 543 reverendissimis
799 511 934 544 dominis
951 512 1141 556 Hieronymo

402 563 467 595 tilio
492 564 649 606 quondam
676 563 798 596 Ioannis
823 565 976 598 Dominici
1003 565 1140 598 Erminei

402 616 618 657 urbevetano,
652 621 680 650 et
716 617 844 651 domino
880 619 993 651 Ioanne
1031 619 1141 652 Car-olo

402 669 566 712 Pasquetto
592 670 749 713 quondam
775 672 963 714 Archangeli
989 672 1027 704 de
1049 672 1141 704 Pede-

401 722 471 755 luvo
497 724 739 757 interamnensis
763 725 933 766 dioecesis,
956 725 1085 759 testibus
1103 726 1139 757 ad

400 776 558 819 praedicta
584 778 689 810 onmia
714 784 743 810 et
767 779 889 821 singula
906 779 1032 820 vocatis7
1051 779 1140 811 babi-

401 830 438 861 tis
463 830 641 873 specialiter
657 837 749 875 atque
770 832 896 875 rogatis.
916 833 982 875 Ego
998 832 1139 865 Antimus

400 884 512 915 Curtus
537 884 642 916 curiae
668 895 833 917 causarum
859 895 1001 917 camerae
1018 891 1140 929 aposto-

400 936 480 969 licae>
491 937 690 980 notarius‚de
703 938 884 980 praemissis
900 943 1038 981 rogatus,
1049 949 1138 981 prae-

401 997 472 1019 sens
498 987 739 1021 instrumentum
766 989 937 1033 subscripsi
974 995 1004 1022 et
1038 989 1139 1033 publi—

400 1040 466 1072 cavi
493 1041 672 1083 requisitus.

445 1095 459 1136 g
483 1094 513 1126 4.
535 1095 631 1127 'Nobis
652 1099 819 1138 propterea
839 1096 1017 1139 praedictus
1037 1096 1140 1129 Domi-

399 1146 488 1179 nicus
504 1148 702 1190 praepositus
720 1149 876 1191 generalis
889 1149 1052 1182 humiliter
1069 1161 1140 1192 sup-

399 1201 510 1244 plicari
536 1201 617 1242 fecit,
644 1207 676 1233 ut
701 1202 731 1234 in
756 1202 937 1245 praemissis
962 1208 1139 1246 opportune

399 1254 565 1296 providere
591 1258 620 1288 et
644 1259 677 1286 ut
702 1255 782 1287 infra
800 1255 964 1297 indulgere
989 1256 1026 1288 de
1051 1256 1139 1289 beni—

400 1306 517 1348 gnitate
535 1307 705 1349 apostolica
723 1307 936 1350 dignaremur.
951 1309 1012 1341 Nos
1032 1309 1138 1351 igitur,

399 1359 515 1392 dictum
542 1360 738 1393 Dominicum
768 1362 982 1404 praepositum
1008 1373 1139 1405 genera-

398 1412 459 1444 lem
485 1413 670 1455 specialibus
694 1413 853 1446 favoribus
877 1419 907 1446 et
930 1415 1038 1457 gratiis
1063 1427 1138 1459 pro-

399 1466 487 1508 sequi
513 1466 664 1506 volentcs,
685 1471 714 1498 et
735 1477 752 1499 a
776 1467 937 1510 quibusvis
962 1479 1139 1501 excommu-

399 1518 574 1559 nicationis,
595 1520 812 1563 suspensionis
830 1525 858 1554 et
873 1521 1041 1562 interdicti,
1060 1521 1139 1554 aliis—

398 1581 458 1614 que
484 1572 704 1605 ecclesiasticis
729 1573 910 1614 sententiis,
936 1574 1077 1607 censuris
1110 1579 1138 1608 et

398 1625 526 1668 poenis,
552 1636 568 1657 a
600 1625 668 1658 iure
699 1626 746 1658 vel
780 1626 818 1658 ab
850 1627 1001 1669 homine,
1027 1628 1137 1670 quavis

399 1678 564 1710 occasione
589 1679 636 1710 vel
661 1680 754 1712 cansa
779 1679 859 1719 latis,
879 1679 903 1712 si
923 1680 1037 1723 quibus
1062 1692 1138 1724 quo-

398 1731 570 1763 modolibet
594 1731 760 1765 innodatus
785 1732 903 1773 existit,
928 1733 967 1765 ad
991 1733 1136 1766 effectum

397 1785 611 1828 praesentium
630 1785 790 1818 dumtaxat
807 1786 1072 1829 consequendum,
1086 1787 1138 1819 ha-

396 1848 467 1870 rum
494 1838 574 1871 serie
599 1838 794 1871 absolventes
819 1844 849 1871 ct
872 1839 1050 1872 absolutum
1071 1840 1137 1872 sore

399 1897 577 1932 censentes,
602 1902 637 1924 ac
658 1893 839 1935 quarumvis
860 1893 1035 1925 litterarum
1061 1903 1137 1937 apo-

398 1945 590 1984 stolicarum,
613 1946 800 1988 praesertim
826 1946 923 1978 felicis
944 1946 1136 1979 recordatio-

398 1997 446 2029 nis
464 1998 548 2029 l'auli
568 1998 589 2029 V
607 2008 642 2030 ac
660 1998 776 2030 Urbani
795 1998 858 2030 VIII
875 2003 905 2030 et
924 1999 1094 2031 Innocentii
1112 2000 1136 2032 X

398 2050 612 2083 Romanorum
640 2050 825 2083 Pontificum
858 2052 1136 2094 praedecessorum

397 2109 591 2143 nostrorum,
611 2104 702 2136 etiam
731 2104 761 2136 in
786 2105 880 2137 simili
901 2105 1002 2138 forma
1021 2106 1135 2149 Brevis,

398 2167 492 2200 snper
517 2158 711 2190 institutione
738 2158 811 2190 dicti
836 2159 995 2192 seminarii
1026 2170 1061 2192 ac
1090 2170 1138 2193 or-

398 2209 610 2243 dinationibus
641 2211 718 2243 illud
747 2212 857 2254 quovis
883 2212 976 2245 modo
1001 2223 1134 2245 concer-

397 2264 544 2295 nentibus
571 2264 743 2307 respective
768 2270 994 2306 emanatarum,
1015 2277 1136 2299 necnon

399 2315 596 2350 decretorum
615 2318 771 2360 praefatae
792 2319 1045 2361 congregationis
1070 2331 1137 2352 car-

399 2368 548 2401 dinalium
573 2370 700 2412 negotio
717 2372 939 2415 propagandae
955 2372 1027 2405 fidei
1044 2383 1135 2416 prae-

398 2421 583 2463 positorum,
608 2433 643 2455 ac
668 2424 795 2466 capituli
821 2425 976 2467 generalis
1000 2425 1135 2467 Ordinis,

399 2484 454 2505 seu
469 2477 721 2518 congregationis
738 2478 843 2510 Italiae
859 2478 1049 2520 huiusmodi,
1063 2489 1136 2512 con-

400 2527 590 2569 cordiarnm,
616 2535 885 2573 testamentorum,
905 2532 1135 2573 codicillorum,

399 2580 586 2624 legatorum,
603 2586 631 2615 et
648 2583 780 2616 aliarum
799 2583 1040 2627 dispositionum
1061 2596 1134 2629 qua-

989 194 1168 220 BULLARIUM
1188 194 1344 219 ROMANUM

1178 252 1386 286 rnmcnmquc
1404 245 1527 276 tenores
1545 247 1575 275 et
1591 243 1677 276 datas
1694 243 1785 275 etiarn
1809 244 1912 279 verio-

1177 308 1281 337 res‚ac
1295 297 1353 329 alia
1364 296 1456 330 etiam
1471 296 1598 340 speciali
1614 301 1643 329 et
1657 296 1816 329 individua
1830 308 1913 330 men-

1178 350 1260 383 tione
1289 355 1318 382 ct
1343 350 1544 393 expressione
1568 349 1672 393 digna,
1696 350 1913 393 praesentibus

1176 414 1235 447 pro
1261 405 1353 447 plene
1378 409 1408 437 et
1427 404 1618 436 sufficienter
1639 404 1795 447 expressis
1812 408 1842 436 et
1866 403 1913 436 in-

1175 456 1266 490 sertis
1290 457 1449 498 habentes,
1474 457 1654 490 huiusmodi
1679 456 1913 500 supplicationi-

1175 509 1233 542 bus
1259 510 1408 550 inclinati,
1433 511 1667 543 concessionem
1693 510 1793 543 dictae
1817 510 1913 543 eccle-

1175 562 1237 596 siae
1263 564 1292 596 S.
1319 564 1471 598 Pancratii
1496 570 1526 597 et
1550 564 1740 597 fabricarum
1761 564 1804 596 illi
1829 564 1913 597 adia-

1175 617 1311 649 centium
1338 623 1367 650 et
1391 617 1542 658 viridarii,
1566 628 1667 650 necon
1691 623 1847 650 terrarum
1868 617 1912 650 illi

1175 669 1360 711 vicinarum,
1380 681 1414 703 ac
1432 681 1624 703 annexarum
1642 676 1672 703 et
1688 681 1911 712 connexarum,

1175 722 1382 756 circumcirca
1418 724 1581 757 ecclesiam
1618 729 1647 756 et
1684 724 1911 757 monasterium

1174 775 1364 817 huiusmodi,
1375 777 1542 820 praedictis
1556 777 1719 810 Dominico
1732 777 1912 821 praeposito

1174 830 1315 870 generali
1340 835 1370 862 et
1394 831 1630 873 congregationi
1649 831 1754 863 ltaliae
1779 831 1912 864 fratrum

1174 882 1436 916 Disealceatorum
1462 883 1535 917 dicti
1561 884 1684 917 Ordinis
1709 884 1819 918 Beatae
1844 885 1909 917 Ma-

1173 936 1238 968 riae
1259 936 1296 968 de
1314 937 1417 970 Monte
1433 937 1575 971 Carmelo
1593 949 1609 970 a
1630 938 1791 982 praedicto
1815 938 1912 970 Fran-

1174 988 1257 1022 cisco
1275 990 1432 1023 cardinale
1458 991 1537 1023 sicut.
1555 991 1767 1034 praemittitur
1787 991 1911 1032 factam,

1174 1052 1209 1074 ac
1227 1043 1402 1076 consecluu'i
1417 1043 1552 1087 desuper
1569 1037 1810 1077 instrumentum
1825 1054 1912 1088 prae-

1173 1094 1337 1137 insertum,
1363 1108 1433 1129 cum
1456 1097 1603 1130 omnibus
1620 1103 1650 1130 et
1675 1098 1806 1140 singulis
1827 1098 1857 1130 in
1874 1107 1911 1130 eo

1173 1149 1410 1191 quomodolibet
1435 1151 1589 1182 contentis
1613 1156 1643 1183 et
1667 1150 1832 1194 expressis,
1857 1162 1911 1184 au-

1174 1202 1316 1234 ctoritate
1333 1203 1514 1245 apostolica,
1540 1209 1649 1236 tenore
1674 1205 1886 1247 praesentium
1903 1231 1910 1245 ‚

1172 1260 1325 1298 perpetuo
1350 1256 1576 1289 confirmamus
1612 1262 1642 1289 et
1677 1258 1910 1301 approbamus,

1173 1308 1296 1351 illisque
1321 1309 1509 1343 inviolabilis
1530 1316 1559 1342 et
1583 1315 1755 1354 perpetuae
1780 1311 1912 1345 firmita-

1173 1361 1211 1393 tis
1235 1362 1424 1404 apostolicae
1442 1364 1540 1396 robur
1561 1369 1589 1395 et
1607 1364 1776 1396 efficaciam
1802 1364 1912 1397 adiun-

1173 1414 1287 1456 gimus,
1302 1425 1337 1447 ac
1354 1426 1463 1447 omnes
1488 1421 1515 1448 et
1541 1416 1682 1458 singulos
1700 1417 1776 1449 iuris
1794 1422 1824 1449 et
1840 1417 1911 1451 sacti

1172 1477 1208 1499 ac
1232 1468 1465 1501 solemnitatum
1491 1479 1764 1513 quarumcumque
1778 1470 1810 1502 in
1830 1470 1912 1503 simi-

1172 1518 1253 1552 libus
1272 1520 1363 1553 etiam
1383 1521 1421 1553 de
1437 1522 1621 1554 necessitate
1645 1522 1911 1556 observandarum

1172 1577 1202 1604 et
1225 1573 1302 1606 alios
1334 1574 1489 1616 quoslibet
1520 1575 1613 1608 etiam
1639 1575 1858 1609 substantiales
1881 1581 1912 1609 et

1171 1625 1318 1658 formales
1347 1627 1502 1667 desectus,
1527 1628 1551 1660 si
1586 1629 1638 1672 qui
1669 1628 1699 1660 in
1731 1628 1911 1672 praemissis

1173 1679 1221 1711 vel
1246 1689 1355 1712 eornm
1387 1679 1501 1724 aliquo
1518 1681 1627 1724 quovis
1652 1681 1745 1715 modo
1769 1682 1907 1715 interve-

1171 1733 1285 1773 nerint,
1303 1738 1355 1765 aut
1372 1733 1576 1767 intervenisse
1592 1735 1663 1775 dici,
1685 1736 1805 1768 censeri
1825 1746 1911 1779 prae·

1172 1785 1255 1817 tendi
1281 1786 1327 1818 vel
1353 1786 1484 1829 intelligi
1509 1798 1647 1831 unquam
1673 1793 1815 1831 possent,
1840 1799 1911 1832 sup—

1171 1838 1293 1881 plemus
1311 1845 1341 1871 et
1358 1850 1513 1882 sanamus
1530 1850 1565 1874 ac
1589 1841 1713 1884 penitus
1733 1847 1764 1874 et
1780 1842 1909 1875 omnino

1171 1891 1309 1925 tollimus
1334 1897 1363 1924 et
1383 1893 1553 1926 abolemus.
1582 1894 1745 1927 Praeterea
1763 1895 1794 1927 in
1818 1888 1910 1938 prae-

1171 1944 1260 1978 dictis
1285 1945 1410 1991 fabricis
1434 1947 1472 1979 ad
1494 1958 1585 1979 usum
1603 1948 1786 1981 monasterii
1810 1948 1908 1990 factis,

1171 2002 1200 2029 et
1225 2008 1304 2041 qnae
1329 1999 1366 2030 ad
1389 2009 1460 2031 eum
1494 2000 1639 2033 effectum
1665 2006 1735 2034 ante
1759 2011 1908 2045 suppres-

1171 2051 1289 2083 sionem
1315 2053 1467 2095 praedicti
1493 2053 1617 2086 Ordinis
1635 2054 1683 2087 Ss.
1704 2054 1863 2088 Barnabae
1880 2059 1909 2088 et

1170 2104 1327 2138 Ambrosii
1360 2105 1397 2138 ad
1430 2107 1546 2139 Nemus
1571 2107 1766 2150 serviebant,
1791 2118 1907 2141 novum

1171 2164 1358 2191 conventum
1385 2159 1516 2192 fratrum
1542 2160 1805 2194 Discalceatorum
1821 2171 1905 2194 nun-

1170 2217 1356 2254 cupatorum
1388 2212 1489 2245 dictae
1520 2214 1773 2257 congregationis
1803 2214 1908 2248 ltaliae

1170 2263 1294 2297 Ordinis
1319 2265 1428 2297 Beatae
1453 2266 1567 2299 Mariae
1584 2266 1621 2299 de
1639 2267 1739 2300 Monte
1753 2267 1906 2308 Gai-meto,

1170 2317 1227 2350 sub
1252 2318 1342 2351 titulo
1367 2329 1422 2351 seu
1454 2319 1650 2352 invocatione
1683 2320 1711 2353 S.
1742 2320 1906 2361 Pancratii,

1170 2381 1240 2403 cum
1259 2372 1391 2404 ecclesia
1411 2372 1550 2405 eiusdem
1567 2373 1594 2405 S.
1609 2373 1773 2416 Pancratii,
1788 2384 1823 2406 ac
1836 2373 1908 2406 viri·
1932 2389 1934 2391 >

1170 2424 1264 2457 dario·
1277 2430 1307 2457 et
1324 2425 1416 2458 terris
1429 2426 1615 2469 supradictis
1628 2426 1736 2459 itidem
1751 2431 1906 2470 perpetuo

1170 2477 1321 2520 erigimus
1353 2483 1382 2511 et
1413 2479 1614 2512 instituimus.
1638 2480 1682 2513 Ac
1710 2480 1905 2523 praedictum

1169 2531 1370 2564 seminarium
1396 2532 1424 2564 S.
1451 2532 1554 2573 Pauli,
1580 2532 1610 2565 in
1635 2532 1798 2576 praedicto
1823 2543 1906 2566 con-

1169 2590 1264 2620 ventu
1277 2586 1306 2618 S.
1318 2586 1431 2619 Mariae
1443 2585 1481 2618 de
1490 2586 1628 2620 Victoria
1639 2586 1714 2620 alias
1728 2586 1899 2631 apostolica

1927 195 1977 223 An.
1992 195 2021 223 C.
2042 194 2109 224 ¹662
