2243 3205
15 176 62 208 An,
79 174 106 200 c.
129 172 195 199 1659

55 2096 167 2118 Confirmat
178 2096 213 2117 do·

34 2126 111 2145 cretum
121 2125 183 2150 prout
193 2124 214 2144 ln

34 2151 125 2171 murtea.

803 167 991 190 ALEXANDER
1016 166 1059 189 vtt
1084 167 1131 189 1³1¹.

208 217 366 251 lentinatis
391 217 556 257 Panormi;
581 215 801 260 inprovincia
820 215 949 249 Germa-

208 271 299 313 niae,
324 270 355 303 in
379 270 525 315 proximo
557 270 714 310 triennio,
741 269 770 301 in
796 274 950 302 conventu

210 324 239 357 S.
257 323 422 366 Augustini
441 323 586 363 Viennae,
604 323 635 355 in
651 322 854 365 subsequenti
876 332 950 354 vero

210 377 242 409 in
266 381 420 410 conventu
445 376 473 410 S.
499 376 661 409 Wincislai
686 376 819 418 Pragae‚
853 379 883 407 et
907 374 951 406 sic

211 430 249 463 de
274 429 405 473 singulis
429 430 629 470 alternative3
648 440 707 473 pro
724 428 885 473 provincia
907 438 952 460 re-

211 483 264 526 gni
289 483 498 527 Neapolitani,
526 483 555 515 in
581 483 727 527 proximo
753 481 896 523 triennio,
922 481 952 513 in

212 541 366 570 conventu
390 537 419 570 S.
445 537 558 569 Mariae
588 536 792 569 Incoronatae
824 534 949 568 Nerito-

211 591 336 631 nensis,
361 590 392 622 in
417 591 619 634 subsequenti
644 600 718 622 vero
744 589 773 621 in
799 593 953 622 conventu

213 642 242 675 S.
268 643 383 675 Mariae
408 643 534 676 Pietatis
559 642 669 676 Montis
695 642 826 684 Leonis,
856 646 884 673 et
910 640 953 673 sic

213 695 361 740 deinceps
384 696 583 736 alternative,
604 707 662 740 pro
683 695 843 739 provincia
862 694 954 727 Pede-

214 750 363 782 montana
396 748 427 781 in
452 754 605 782 conventu
630 749 658 782 S.
685 748 786 782 Caroli
811 747 953 787 Taurini,

214 802 246 834 in
270 802 434 846 provincia
460 802 582 835 Siciliae
610 801 814 835 Messanensis
836 801 865 833 in
886 811 955 834 con-

214 859 309 890 ventu
333 856 361 889 S.
388 855 558 889 Restitutae
582 857 751 889 Messanae.
776 856 877 898 thue
899 855 956 887 ele-

216 909 334 943 ctiones
359 920 417 953 pro
441 909 580 953 qualibet
598 909 761 954 provincia
782 908 819 941 de
838 909 956 951 dignio-

215 962 304 996 ribus
328 967 358 997 et
382 963 481 1006 magis
506 963 641 1007 acceptis
667 962 810 1007 personis
835 963 864 994 in
886 973 957 1005 qua-

216 1016 292 1049 libet
305 1016 466 1060 provincia
482 1016 513 1049 in
526 1016 704 1049 definitorio
719 1015 856 1058 generali
872 1015 956 1056 fiant,

216 1069 378 1114 provisum
404 1075 434 1103 et
457 1070 619 1103 decretum
643 1070 761 1113 pariter
785 1069 851 1107 suit,
870 1074 903 1100 ut
927 1068 958 1100 in

219 1123 424 1156 electionibus
448 1123 617 1167 praedictis
638 1122 780 1155 intersint
797 1126 827 1154 et
851 1121 959 1153 admit-

219 1180 325 1209 tantur
338 1176 376 1209 ad
390 1177 552 1209 serendum
571 1181 676 1210 votnm
696 1175 915 1220 provinciales,
931 1180 960 1206 et

219 1229 282 1263 duo
307 1230 430 1263 vocales
455 1230 662 1273 unicuiusque
687 1229 878 1273 provinciae,
900 1229 960 1260 una

220 1293 291 1316 cum
325 1284 467 1327 patribus
499 1284 668 1317 definitorii
694 1283 725 1315 in
756 1282 961 1315 electionibus

220 1337 415 1380 singularum
446 1338 703 1382 provinciarum,
736 1337 813 1369 itaut
843 1335 961 1379 possint

221 1401 289 1424 esse
317 1401 426 1424 omnes
452 1401 584 1424 numero
613 1391 778 1424 duodecim
800 1390 961 1423 electores.

222 1445 259 1479 Et
276 1445 333 1479 suit
349 1444 542 1478 affer-[native
561 1455 616 1489 per
633 1450 703 1477 vota
719 1449 839 1477 secreta
861 1443 961 1476 omni-

222 1499 282 1532 bus
296 1498 569 1539 concurrentibus,
584 1498 634 1531 die
652 1508 712 1531 xxv
739 1497 810 1529 maii
836 1506 962 1536 MDCle,

224 1551 255 1585 in
281 1552 418 1596 capitulo
439 1551 588 1594 generali,
607 1550 805 1594 praesidente
830 1550 965 1582 eminen-

223 1604 345 1638 tissimo
371 1604 499 1638 domino
517 1603 667 1636 cardinali
687 1604 828 1644 Pallotto,
849 1603 885 1635 ad
905 1613 965 1635 ma-

224 1659 322 1692 iorem
348 1658 486 1702 quietem
514 1663 544 1690 et
568 1668 676 1701 paceni
708 1657 801 1690 totius
831 1667 963 1700 congre-

224 1712 367 1756 gationiS,
383 1717 451 1754 etc.‚
465 1712 603 1755 perlecto
620 1722 677 1755 per
694 1711 897 1743 secretarium
917 1721 965 1743 ca-

224 1766 315 1811 pituli
340 1765 496 1809 generalis
513 1765 572 1798 alta
594 1775 667 1798 voce
685 1764 899 1808 suprascripto
917 1764 967 1796 de-

225 1825 332 1862 creto,
362 1825 391 1853 et
415 1820 495 1852 sacta
526 1819 743 1863 propositione
779 1828 818 1850 an
848 1818 967 1861 placcat

226 1873 343 1907 servari
377 1878 406 1906 et
439 1872 619 1906 confirmari
655 1872 773 1905 dictum
806 1871 967 1904 decretum

226 1926 345 1961 tenoris
369 1931 463 1970 prout
487 1936 590 1969 supra,
610 1936 666 1969 per
685 1930 754 1958 vota
773 1930 892 1958 secreta
913 1924 969 1957 suit

227 1980 400 2014 resolutum
427 1979 619 2012 affer-malive
647 1990 704 2023 per
735 1977 865 2021 vinginti
898 1983 969 2011 octo

228 2033 387 2076 suffragia,
413 2032 537 2065 duobus
562 2037 680 2065 tantum
702 2042 760 2075 pro
777 2031 921 2074 negativa
942 2043 968 2063 n.

274 2087 288 2130 ξ
313 2087 340 2120 7.
359 2086 433 2119 Cum
453 2091 567 2125 autem,
586 2086 665 2118 sicut
688 2085 795 2117 eadem
815 2085 970 2128 expositio

228 2140 450 2183 subiungebat,
469 2139 619 2182 praedicti
645 2144 836 2182 exponentes
862 2139 969 2170 deere-

230 2197 295 2228 tum
320 2193 510 2232 huiusmodi,
531 2203 589 2236 pro
607 2192 741 2225 firmiori
767 2192 850 2224 illius
875 2191 972 2223 subsi-

229 2247 342 2281 stentia
367 2252 397 2280 et
420 2246 655 2286 observatione,
681 2246 870 2289 apostolicae
896 2255 970 2278 con-

230 2300 416 2335 firmationis
441 2306 568 2334 nostrae
598 2299 754 2343 pracsidio
783 2297 971 2331 communiri

231 2364 433 2398 summopere
470 2353 667 2386 desiderent:
700 2363 773 2391 nos,
805 2352 970 2394 specialem

231 2408 307 2452 ipsis
321 2407 550 2451 exponentibus
564 2406 695 2449 gratiam
711 2406 812 2437 facere
825 2405 971 2447 volentes,

232 2466 262 2494 et
279 2471 388 2495 eorum
414 2461 588 2503 singulares
613 2469 761 2502 personas
779 2468 795 2490 a
812 2458 972 2502 quibusvis

233 2513 577 2552 excommunicationis,
594 2512 808 2555 suspensionis
834 2517 863 2544 et
883 2511 974 2544 inter-

235 2567 319 2609 dicti,
338 2572 407 2608 ctc.,
425 2567 535 2599 liaruni
558 2566 639 2598 serie
660 2565 855 2598 absolventes
876 2570 905 2597 ct
925 2565 974 2597 al)-

1624 154 1687 189 479

984 214 1101 248 solutos
1132 214 1198 247 sore
1230 221 1412 257 censentes,
1444 213 1723 259 supplicationibus

984 278 1093 300 eorum
1121 268 1246 300 nomine
1263 269 1353 301 nobis
1376 279 1472 312 super
1487 269 1546 301 boc
1563 267 1724 300 humiliter

984 321 1139 364 porrectis
1164 321 1313 361 inclinati,
1334 322 1562 364 praeinsertum
1581 320 1724 353 definito-

986 374 1023 406 rii
1042 379 1071 406 et
1092 374 1218 417 capituli
1245 375 1400 416 generalis
1426 374 1526 407 dictae
1551 383 1725 416 congrega-

986 427 1078 460 tionis
1103 426 1285 467 decretum,
1311 428 1496 460 auctoritate
1529 427 1725 471 apostolica,

986 486 1095 514 tenore
1123 481 1346 524 praesentium,
1368 481 1593 513 confirmamus
1618 486 1647 513 et
1672 491 1726 523 ap-

986 534 1176 578 probamus,
1195 534 1302 577 illiquc
1327 534 1514 567 inviolabilis
1539 533 1728 578 apostolicae

987 587 1145 620 firmitatis
1171 587 1269 620 robur
1295 587 1469 627 adiicimus,
1498 597 1532 619 ac
1564 596 1671 620 omncs
1698 590 1728 619 et

988 641 1127 684 singulos
1153 640 1230 673 iuris
1255 645 1284 673 et
1308 641 1378 673 sacti
1402 640 1549 682 defectus,
1568 640 1591 672 si
1610 639 1661 683 qui
1679 639 1729 672 de-

988 705 1084 738 super
1119 694 1356 738 quomodolibet
1389 693 1633 734 intervenerint,
1658 703 1729 737 sup-

988 748 1120 791 plemus.

1034 802 1048 845 g
1081 800 1109 834 8.
1147 801 1354 834 Decernentes
1391 800 1515 833 easdem
1551 803 1730 844 praesentes

990 855 1108 888 litteras
1134 866 1260 899 semper
1285 855 1403 895 firmas,
1424 860 1492 896 etc.⁷
1511 853 1732 887 inviolabiliter

991 909 1169 950 observari,
1187 910 1294 953 sicque
1314 909 1343 941 in
1361 908 1541 952 praemissis
1562 918 1619 951 per
1640 917 1733 951 quos-

992 974 1126 1006 cumque
1152 963 1270 1007 iudices
1295 962 1483 1002 ordinarios,
1509 967 1578 1002 etc.‚
1601 960 1732 994 iudicari

974 1023 1022 1061 let
1046 1017 1169 1050 definiri
1195 1016 1330 1056 debere,
1357 1027 1392 1049 ac
1417 1016 1564 1057 irritum,
1590 1020 1664 1054 etc.‚
1689 1017 1732 1048 at-

993 1071 1116 1104 tenlari.

1038 1125 1094 1167 §sl
1113 1125 1181 1157 Non
1198 1123 1395 1157 obstantibus
1412 1121 1686 1156 constitutionibus
1706 1125 1736 1153 et

994 1177 1244 1210 ordinationibus
1264 1176 1454 1220 apostolicis,
1480 1185 1612 1215 necnon,
1632 1179 1737 1218 quate-

994 1240 1053 1261 nus
1081 1240 1159 1273 opus
1191 1230 1245 1269 sit,
1271 1229 1525 1271 congregationis
1551 1227 1739 1271 praedictae,

995 1283 1123 1326 eiusque
1149 1282 1381 1326 provinciarum
1414 1287 1443 1314 et
1472 1281 1540 1313 aliis
1566 1279 1739 1325 quibusvis,

996 1336 1087 1368 etiam
1110 1336 1298 1375 iuramento,
1316 1342 1385 1374 etc.‚
1404 1334 1641 1378 quomodolibet
1666 1342 1740 1366 con-

997 1389 1113 1429 cessis,
1146 1389 1341 1422 confirmatis
1366 1394 1396 1421 et
1420 1387 1594 1427 innovatis3
1626 1386 1741 1430 quibus

997 1443 1144 1476 omnibus
1163 1448 1191 1475 et
1216 1442 1357 1485 siugulis,
1373 1442 1498 1475 illorum
1518 1447 1653 1481 tenores,
1671 1445 1740 1481 etc.‚

997 1497 1055 1529 bac
1074 1497 1140 1530 vice
1158 1497 1327 1538 dumtaxat,
1346 1495 1523 1539 specialiter
1540 1501 1570 1528 et
1595 1504 1741 1538 expresse

998 1550 1202 1593 derogamus,
1222 1551 1396 1593 ceterisque
1421 1548 1598 1589 contrariis,
1623 1553 1680 1581 etc.

1043 1604 1058 1647 ξ,
1089 1604 1140 1636 10.
1174 1603 1324 1636 Volumus
1356 1608 1458 1635 antem
1491 1607 1524 1634 ut
1559 1600 1740 1634 earumdem

999 1656 1212 1700 praesentium
1233 1655 1449 1699 transumptis,
1475 1665 1579 1694 manu,
1600 1659 1669 1695 etc.‚
1690 1664 1741 1687 ea-

1000 1711 1069 1743 dem
1095 1721 1225 1753 prorsus
1250 1710 1326 1742 tides
1351 1709 1548 1749 adhibeatur,
1567 1718 1646 1752 qnae
1667 1708 1742 1751 ipsis

1000 1763 1217 1808 praesentibus
1244 1763 1458 1804 adhiberetur,
1479 1763 1502 1794 si
1529 1762 1631 1795 forent
1655 1761 1743 1794 exbi-

1002 1817 1084 1851 bitae
1110 1817 1155 1849 vel
1182 1823 1332 1849 ostensae.

1047 1871 1157 1904 Datum
1185 1871 1313 1909 Romae,
1335 1869 1418 1913 apud
1444 1869 1473 1901 S.
1498 1869 1626 1902 Mariam
1647 1868 1744 1901 Maio-

1003 1935 1081 1965 rem,
1106 1924 1163 1956 sub
1189 1924 1305 1956 annulo
1331 1923 1508 1963 piscatoris,
1537 1922 1586 1954 die
1619 1931 1674 1954 xvi
1699 1921 1746 1954 iu-

1003 1978 1045 2010 nii
1064 1988 1189 2019 nucmx,
1209 1977 1409 2020 pontificatus
1438 1975 1536 2008 nostri
1557 1985 1639 2008 anno
1660 1985 1689 2007 v.

1040 2040 1100 2067 Dat.
1118 2039 1160 2066 die
1180 2039 1209 2065 16
1227 2038 1291 2065 iunii
1317 2038 1391 2069 165⁹,
1410 2037 1503 2072 pontif.
1522 2045 1591 2064 anno
1609 2045 1634 2063 v.

1339 2172 1415 2205 CCL.

1008 2244 1068 2278 Pro
1093 2244 1248 2277 erectione
1264 2243 1450 2287 provinciae
1466 2243 1504 2275 B.
1525 2242 1618 2275 Petri
1635 2241 1671 2274 dc
1691 2241 1748 2275 Al-

1049 2303 1184 2331 cantnra
1199 2300 1341 2341 fratrum
1356 2297 1631 2330 Discalceatorimz
1644 2296 1749 2328 sancti

1050 2352 1241 2393 Francis-ci,
1268 2356 1295 2384 cl
1321 2351 1613 2383 communicatione
1638 2360 1749 2382 eorum

1050 2417 1134 2450 quae
1156 2406 1343 2450 provinciae
1364 2404 1393 2436 S.
1416 2404 1551 2437 [ommis
1580 2404 1750 2448 Baptistae

1052 2464 1080 2492 οἱ
1105 2458 1252 2491 omnibus
1271 2458 1348 2490 aliis
1364 2458 1541 2500 provinciis
1566 2457 1750 2490 eorumdem

1051 2513 1193 2554 fratrum
1206 2511 1480 2544 Discalccatmum
1493 2521 1550 2553 pro
1568 2510 1645 2542 bono
1668 2511 1749 2554 ipsa-

1053 2574 1127 2597 rum
1152 2563 1312 2607 reyiminc
1336 2567 1409 2595 sunl
1434 2573 1585 2595 concessa.

1736 164 1784 189 An.
1803 163 1830 189 C.
1851 163 1920 190 1659

1778 813 1887 833 Decretum
1903 812 1928 832 lr-

1747 841 1818 860 vitans.

1824 1129 1934 1151 Contraria

1751 1158 1837 1180 ΥιΤιἸΙιῑ.

1790 1611 1939 1635 'transumpto-

1756 1645 1800 1660 ruin
1815 1638 1875 1658 tides.
