2202 3190
259 214 310 241 An.
331 213 357 241 C.
378 212 441 240 1661

293 2565 411 2586 clausulae.

492 202 554 236 7-28

456 261 591 305 aliquam
603 258 805 303 pecuniarum
822 268 976 291 summam
989 258 1107 292 eisdem
1123 269 1194 303 pro-

457 312 655 347 curatoribus
666 322 721 344 seu
731 322 839 344 eorum
855 311 1028 344 substitutis
1041 316 1070 344 et
1084 321 1192 344 eorum

457 366 594 407 cuilibet,
619 370 653 398 ut
675 365 862 409 praefertur,
887 364 1031 397 dederint
1050 365 1098 397 vel
1119 364 1192 396 alias

457 418 674 462 erogaverint,
698 428 753 451 seu
777 428 836 461 pro
860 417 978 450 eisdem
1006 421 1192 461 procurato-

456 473 544 506 ribus
576 477 629 505 aut
660 482 771 505 eorum
806 471 981 504 substitutis
1009 471 1040 504 in
1064 471 1193 514 quibus-

456 536 592 570 cumque
615 525 732 558 cedulis
757 525 946 565 hanchariis,
963 524 1102 564 cambiis,
1116 523 1192 556 obli-

456 579 655 623 gationibus,
702 578 912 612 contractibus
956 583 987 611 et
1033 576 1194 621 quibusvis

456 633 661 678 pecuniarum
686 631 866 665 huiusmodi
898 631 1130 675 receptionibus
1158 629 1194 662 si-

457 686 645 720 deiusserint
674 691 703 718 et
733 685 978 725 intervenerint,
1006 684 1193 724 securitate,

457 740 648 774 relevatione
675 744 705 772 et
732 738 954 778 indemnitate,
978 748 1073 781 quam
1098 747 1194 780 super

457 795 526 826 taxa
551 793 632 826 inter
656 793 738 837 ipsas
763 792 1023 835 congregationes
1044 801 1101 835 pro
1126 791 1194 823 rata

457 847 628 891 quamlibet
644 857 771 880 suarum
790 845 1073 888 congregationum
1090 854 1194 887 respe-

457 901 537 934 ctive
562 900 720 944 tangente)
740 899 924 932 nominatim
946 898 1043 931 dictas
1064 907 1194 940 congre-

457 954 609 998 gationes,
630 953 844 997 unusquisque
859 957 1047 996 procurator
1068 961 1194 994 genera-

457 1008 495 1040 lis
519 1018 574 1040 seu
599 1007 664 1040 eius
698 1006 882 1039 substitutus
915 1004 1059 1037 videlicet
1087 1014 1192 1044 suam,

458 1060 577 1094 etiamsi
602 1060 640 1092 ab
665 1060 701 1092 ea
726 1059 860 1103 speciale
876 1063 929 1091 aut
945 1058 1092 1101 generale
1109 1067 1193 1090 man-

457 1113 564 1146 datum
579 1113 609 1145 in
623 1113 760 1156 capitulo
781 1112 919 1155 generali
940 1115 993 1145 aut
1008 1110 1083 1143 alias
1109 1110 1194 1143 iuxta

458 1167 697 1201 constitutiones
736 1166 876 1210 ipsarum
912 1164 1193 1208 congregationum

456 1221 571 1254 factum
596 1231 659 1254 non
681 1219 809 1262 habeat,
833 1218 1000 1262 omniaque
1017 1223 1048 1250 et
1072 1218 1193 1260 singula

458 1274 639 1308 earumdem
666 1273 946 1316 congregationum
968 1272 1050 1305 bona
1066 1271 1194 1304 mobilia

458 1334 488 1362 et
501 1328 675 1363 immobilia
688 1327 819 1360 ubilibet
832 1325 1004 1365 existentia,
1018 1324 1194 1369 praesentia

458 1387 488 1416 et
507 1383 621 1422 sutura,
638 1380 853 1425 principaliter
870 1385 899 1413 et
918 1380 949 1412 in
966 1379 1099 1412 solidum
1117 1378 1195 1422 ipsa-

459 1446 529 1468 rum
544 1435 823 1477 congregationum
840 1433 1019 1466 nominibus
1033 1431 1119 1465 omni
1134 1442 1195 1464 me-

458 1489 530 1522 liori
551 1488 644 1521 modo
661 1498 696 1520 ac
714 1487 744 1519 in
761 1486 908 1530 ampliori
933 1486 1035 1519 forma
1051 1495 1194 1518 camerae

459 1541 648 1586 apostolicae
673 1540 814 1583 obligare
839 1545 869 1572 et
893 1539 1070 1583 specialiter
1094 1538 1195 1583 hypo-

459 1596 594 1635 thecare,
619 1604 741 1628 necnon
759 1604 854 1637 super
871 1593 1053 1636 praemissis
1074 1597 1104 1625 et
1128 1592 1195 1625 illo-

458 1659 528 1682 rum
544 1648 694 1692 quolibet,
705 1653 734 1680 et
746 1647 930 1680 eorumdem
948 1645 1195 1690 praemissorum

459 1707 489 1735 et
505 1702 671 1734 cuiuslibet
688 1701 827 1745 ipsorum
844 1700 1018 1741 occasione,
1032 1709 1196 1743 quaecum-

459 1765 519 1799 que
543 1755 750 1788 instrumenta
774 1764 844 1787 cum
873 1753 1035 1797 quibusvis
1060 1753 1195 1785 submis-

460 1809 609 1849 sionibus,
620 1807 918 1847 renunciationibus‚
933 1807 1195 1849 fideiussionibus,

459 1862 735 1906 promissionibus,
761 1861 964 1901 iuramentis,
989 1860 1195 1902 cautionibus,

461 1915 707 1957 conditionibus,
732 1914 878 1954 cautelis,
904 1914 1037 1946 decretis
1063 1918 1093 1945 et
1113 1913 1196 1946 clau-

461 1970 537 2003 sulis
554 1969 652 2002 solitis
677 1973 707 2001 et
728 1968 902 2007 consuetis,
927 1977 962 2000 ac
991 1967 1066 1999 alias
1091 1977 1194 1999 neces-

461 2023 551 2057 sariis
576 2028 606 2056 et
629 2022 828 2067 opportunis,
845 2021 928 2054 dicto
946 2021 1143 2053 thesaurario
1161 2031 1196 2052 ac

461 2078 602 2122 partibus
616 2077 692 2120 ipsis
708 2075 873 2117 benevisis,
892 2075 1062 2115 celebrare,
1076 2074 1197 2117 aliaque

461 2141 520 2175 pro
538 2139 745 2174 personarum
766 2133 795 2160 et
814 2132 1038 2168 mercatorum,
1052 2138 1087 2160 ac
1104 2127 1196 2160 etiam

461 2194 519 2228 pro
551 2183 661 2216 maiori
698 2181 812 2215 montis
844 2181 1019 2225 praedicti,
1052 2180 1198 2224 illiusque

463 2237 596 2280 collegii,
610 2241 639 2268 et
664 2235 815 2277 omnium,
834 2234 886 2278 qui
903 2244 975 2266 suas
998 2233 1146 2277 pecunias
1168 2233 1198 2265 in

463 2290 573 2324 eodem
598 2293 702 2323 monte
720 2288 951 2328 collocaverint,
972 2287 1148 2327 securitate,
1163 2297 1198 2319 ac

463 2344 538 2376 alias
551 2354 645 2387 super
664 2343 713 2375 his
730 2342 906 2375 necessaria
920 2345 950 2375 et
962 2341 1199 2386 quomodolibet

463 2402 650 2441 opportuna,
676 2395 797 2429 etiamsi
815 2395 888 2428 talia
906 2395 1007 2428 forent
1023 2406 1103 2439 quae
1132 2405 1199 2439 spe-

462 2450 593 2492 cificam,
618 2449 808 2482 individuam
833 2454 864 2481 et
887 2459 1067 2492 expressam
1092 2448 1197 2492 requi-

463 2508 568 2535 rerent
593 2503 793 2544 mentionem,
818 2502 920 2535 facere
945 2505 974 2536 et
998 2501 1131 2545 exequi;

508 2556 523 2600 ἓ
546 2555 575 2588 3.
600 2556 643 2589 Ac
664 2556 795 2590 ulterius
819 2555 894 2600 ipsis
915 2555 1074 2588 modernis
1093 2560 1123 2588 et
1139 2565 1197 2599 pro

464 2613 606 2652 tempore
630 2609 831 2642 existentibus
855 2608 1085 2654 praedictarum
1116 2618 1197 2642 con-

1026 210 1206 235 BULLARIUM
1234 209 1390 234 ROMANUM

1228 258 1446 301 gregationum
1472 258 1729 302 procuratoribus
1754 260 1961 303 generalibus,

1229 321 1282 343 scu
1308 320 1416 343 eorum
1442 311 1627 352 substitutis,
1651 311 1733 344 utin
1750 322 1856 345 earum
1881 314 1962 357 quis-

1228 374 1288 407 que
1306 364 1602 407 congregationibus
1620 370 1720 397 taxam
1738 370 1772 398 ut
1787 367 1963 409 praefertur

1229 417 1420 457 faciendam,
1444 428 1503 461 pro
1527 420 1594 450 rata
1626 429 1677 451 eas
1702 419 1874 462 respective
1899 425 1964 453 tan-

1228 476 1330 514 gente,
1340 471 1420 503 inter
1438 471 1626 504 monasteria
1636 475 1843 505 etconventus
1856 482 1964 506 earum

1228 523 1377 565 dividere,
1395 529 1424 556 et
1444 523 1482 557 ab
1500 524 1560 556 illis
1577 524 1710 567 exigere,
1728 528 1757 558 et
1773 524 1964 568 depositario

1229 576 1301 609 dicti
1319 576 1434 609 montis
1454 577 1560 620 (quem
1586 577 1669 621 ipsas
1694 578 1964 620 congregationes,

1229 634 1289 661 tam
1322 640 1379 673 pro
1409 630 1565 673 praesenti
1593 630 1751 664 additione
1784 641 1877 675 quam
1906 642 1965 675 pro

1228 683 1330 726 prima
1355 683 1428 716 dicti
1453 684 1567 717 montis
1593 684 1749 717 erectione
1769 689 1799 716 et
1816 684 1898 717 illius
1915 685 1965 718 ad-

1228 735 1345 768 ditione
1369 736 1445 768 alias
1469 736 1560 777 faeta,
1584 737 1676 770 etiam
1702 736 1889 770 modernum
1910 737 1963 771 de·

1228 789 1425 832 positarium‚
1446 789 1506 822 nisi
1524 790 1745 833 depositariam
1762 790 1860 834 ipsam
1875 791 1964 825 titulo

1227 842 1332 875 forsan
1348 853 1482 876 oneroso
1500 843 1647 884 obtineat,
1661 844 1699 877 ad
1715 855 1823 878 eorum
1841 844 1964 877 libitum

1228 896 1422 938 amovendo,
1446 897 1598 941 deputare
1626 908 1718 941 posse
1751 897 1964 942 concedimus)

1227 949 1404 993 quotannis,
1427 955 1521 994 prout
1533 950 1571 983 de
1584 950 1718 994 antiquis
1729 950 1807 983 taxis
1821 961 1875 984 seu
1890 951 1964 985 ratis

1227 1003 1294 1036 fieri
1309 1004 1478 1046 consuevit,
1489 1004 1675 1047 consignare
1685 1015 1756 1037 eum
1770 1004 1965 1038 facultatibus

1228 1062 1258 1090 et
1288 1058 1525 1091 auctoritatibus
1560 1058 1659 1091 solitis
1690 1058 1797 1093 libere.
1817 1063 1847 1091 et
1881 1058 1966 1091 licite

1227 1112 1349 1155 possint
1368 1117 1398 1144 et
1422 1112 1553 1153 valeant,
1578 1122 1614 1144 ac
1638 1112 1767 1145 omnino
1791 1112 1965 1156 respective

1229 1170 1410 1206 teneantur,
1435 1165 1620 1199 auctoritate
1644 1165 1833 1209 apostolica,
1857 1168 1966 1199 tenore

1228 1219 1450 1263 praesentium,
1468 1219 1604 1263 plenam,
1626 1219 1757 1253 liberam
1783 1223 1814 1252 et
1829 1219 1965 1262 amplam

1228 1273 1405 1306 facultatem
1429 1278 1459 1306 et
1478 1273 1694 1306 auctoritatem
1715 1272 1916 1306 concedimus
1937 1277 1966 1306 et

1229 1325 1436 1369 impertimur.

1273 1379 1287 1422 ξ,
1304 1379 1332 1412 4.
1348 1380 1522 1419 Praeterea,
1538 1389 1597 1423 pro
1612 1379 1724 1412 maiori
1746 1378 1861 1412 montis
1873 1389 1965 1423 prae-

1230 1431 1316 1472 dicti,
1334 1432 1478 1476 illiusque
1498 1432 1622 1475 collegii
1645 1433 1874 1474 montistarum,
1894 1443 1967 1466 nec-

1230 1495 1291 1518 non
1317 1495 1445 1528 eorum,
1478 1485 1531 1530 qui
1555 1485 1702 1529 pecunias
1732 1496 1804 1519 suas
1828 1486 1860 1518 in
1883 1486 1966 1519 dicto

1231 1544 1335 1572 monte
1360 1539 1567 1580 collocabunt,
1589 1540 1710 1572 cautela
1736 1544 1766 1572 et
1790 1540 1965 1580 securitate,

1230 1603 1266 1625 ex
1290 1603 1373 1626 nunc
1393 1594 1512 1637 pariter
1535 1598 1630 1638 prout
1646 1604 1682 1626 ex
1700 1599 1773 1626 tunc
1799 1598 1964 1638 postquam

1229 1645 1329 1679 dictus
1347 1656 1436 1680 mons
1453 1647 1561 1689 vigore
1578 1646 1790 1690 praesentium
1804 1646 1843 1679 ad
1860 1657 1966 1690 quam-

1230 1700 1304 1733 libet
1328 1700 1470 1733 locorum
1494 1700 1697 1744 quantitatem
1722 1705 1831 1733 auctus
1855 1699 1966 1741 fuerit,

1230 1753 1313 1797 quod
1345 1760 1406 1786 tam
1439 1754 1565 1797 antiqua
1596 1764 1688 1797 quam
1716 1746 1797 1786 nova
1819 1753 1888 1786 loca
1912 1761 1967 1786 au-v

1229 1808 1330 1851 genda
1354 1807 1532 1841 huiusmodi
1557 1818 1654 1840 unum
1676 1807 1820 1851 idemque
1851 1807 1966 1841 montis

1231 1872 1354 1905 corpus,
1379 1871 1415 1894 ac
1440 1861 1622 1894 ultimorum
1643 1862 1785 1894 locorum
1807 1866 1966 1905 emptores

1231 1926 1301 1948 cum
1337 1915 1472 1958 antiquis
1508 1914 1664 1948 montistis
1693 1924 1790 1947 unum
1822 1914 1966 1958 idemque

1231 1968 1397 2010 collegium
1434 1968 1550 2012 absque
1587 1967 1646 1999 alia
1682 1977 1812 2011 prorsus
1843 1967 1966 2001 ratione

1232 2021 1404 2065 prioritatis
1435 2031 1490 2054 seu
1522 2020 1762 2064 posterioritatis
1790 2020 1967 2053 differentia

1232 2074 1430 2116 constituant,
1445 2085 1480 2107 ac
1498 2074 1673 2117 posteriora
1692 2074 1761 2107 loca
1778 2074 1967 2117 illorumque

1232 2133 1390 2171 emptores
1426 2128 1570 2161 omnibus
1605 2131 1635 2161 et
1669 2127 1800 2170 singulis
1836 2127 1966 2170 gratiis,

1232 2180 1492 2224 exemptionibus,
1500 2180 1708 2220 libertatibus,
1719 2179 1967 2213 immunitatibus

1233 2241 1262 2268 et
1286 2234 1469 2279 privilegiis,
1491 2234 1606 2277 quibus
1630 2233 1805 2276 antiquiora
1836 2233 1904 2266 loca
1928 2233 1966 2265 il-

1233 2289 1399 2331 lorumque
1422 2297 1619 2331 possessores
1643 2287 1727 2319 iuxta
1750 2282 1827 2319 'dicti
1854 2286 1967 2320 montis

1233 2342 1398 2375 erectionis
1422 2342 1555 2375 formam
1578 2345 1727 2380 utuntur,
1752 2340 1915 2383 potiuntur
1939 2343 1969 2374 et

1233 2395 1379 2438 gaudent,
1394 2405 1430 2428 ac
1444 2395 1498 2435 uti,
1514 2394 1608 2438 potiri
1634 2399 1663 2426 et
1687 2392 1824 2436 gaudere
1838 2397 1967 2436 possunt

1232 2454 1262 2481 et
1286 2446 1462 2493 poterunt¹,
1487 2447 1519 2480 in
1543 2447 1682 2480 futurum
1708 2446 1921 2490 parisormiter
1937 2449 1968 2478 et

1232 2512 1330 2545 aeque
1352 2500 1569 2545 principaliter
1593 2500 1646 2542 uti,
1671 2498 1766 2543 potiri
1784 2503 1814 2531 et
1830 2498 1967 2541 gaudere

1268 2618 1278 2644 l
1297 2616 1368 2644 Edit.
1386 2615 1466 2644 Μαίη.
1484 2615 1565 2643 habet
1580 2616 1737 2651 potuerunt
1752 2613 1790 2649 (n,
1805 2612 1850 2646 r).

1970 213 2022 242 An.
2044 213 2074 242 c.
2090 214 2154 245 1661
2190 201 2194 222 ³

2007 1389 2114 1412 cautelae.
