2243 3205
50 157 101 184 An.
121 155 150 183 C.
167 155 234 182 1662

94 2083 239 2112 ‘transumptis

55 2111 125 2133 danda
140 2111 199 2133 tides.

848 151 1035 178 ALEXANDER
1058 151 1103 175 vn
1126 151 1174 175 PP.

249 202 406 247 gularium
433 203 628 247 quorumvis,
645 207 675 236 et
698 202 766 235 aliis
786 201 988 247 quibuslibet,

250 256 341 288 etiam
356 256 543 297 iuramento,
556 256 796 290 confirmatione
808 255 988 300 apostolica,

250 309 298 342 vel
323 309 432 353 quavis
462 309 609 342 firmitate
640 309 818 349 roboratis,
847 308 988 348 statutis,

250 362 357 407 stylis,
390 362 498 396 usibus
527 368 557 395 et
589 362 868 396 consuetudinibus
897 362 988 396 etiam

250 415 564 456 immemorabilibus,
589 416 762 459 privilegiis
782 426 918 459 quoque,
943 415 990 447 in-

250 469 345 502 dultis
373 474 403 502 et
430 469 542 503 litteris
566 469 755 513 apostolicis,
780 469 896 501 eisdem
915 479 990 502 con-

250 523 498 566 gregationibus,
508 533 563 556 seu
575 533 682 555 earum
693 523 792 562 alteri,
802 522 991 566 illarumque

249 586 305 609 seu
329 577 458 609 alterius
483 586 592 609 earum
617 575 853 619 superioribus,
883 586 990 609 mona-

250 628 326 671 chis,
352 629 507 672 personis,
533 629 731 662 monasteriis
755 634 785 661 et
808 629 885 662 locis
903 640 992 671 regu-

250 681 369 715 laribus
402 682 616 726 quibuslibet,
649 682 706 714 sub
737 682 991 726 quibuscumque

250 735 422 769 verborum
452 735 613 769 tenoribus
639 740 669 768 et
697 735 828 775 formis,
859 746 894 768 ac
919 746 989 768 cum

250 789 413 833 quibusvis
437 789 529 821 etiam
555 789 828 832 derogatoriarum
858 789 992 832 deroga-

250 842 359 883 toriis,
384 842 516 886 aliisque
547 842 776 876 efficacioribus
804 847 834 875 et
858 842 990 876 insolitis

251 896 409 938 clausulis,
434 907 469 930 ac
494 896 692 930 irritantibus
710 902 739 929 et
759 896 827 929 aliis
845 896 991 937 decretis,

250 950 281 982 in
306 960 422 993 genere
447 951 494 983 vel
519 950 550 983 in
570 950 684 994 specie,
710 960 745 983 ac
762 950 847 990 alias,
866 950 898 982 in
921 960 991 983 con-

250 1005 383 1038 trarium
400 1005 647 1048 praemissorum
665 1003 903 1048 quomodolibet
918 1014 992 1037 con-

251 1058 368 1100 cessis,
396 1058 590 1091 confirmatis
615 1064 646 1091 et
673 1058 843 1097 innovatis;
877 1057 991 1102 quibus

251 1112 396 1145 omnibus
420 1117 450 1145 et
472 1112 613 1155 singulis,
637 1111 759 1145 etiamsi
780 1122 838 1156 pro
864 1111 990 1145 illorum

251 1165 417 1198 sufficienti
438 1165 642 1209 derogatione
666 1165 704 1199 de
726 1166 786 1198 illis
817 1177 991 1210 eorumque

251 1218 324 1252 totis
333 1219 496 1252 tenoribus
510 1219 665 1263 specialis,
676 1219 831 1263 specifica,
843 1230 991 1264 expressa

251 1278 282 1305 et
305 1270 475 1314 individua,
494 1283 529 1306 ac
546 1273 584 1306 de
600 1273 696 1306 verbo
713 1273 749 1306 ad
772 1273 913 1314 verbum,
928 1284 991 1306 non

252 1331 355 1359 autem
380 1337 437 1371 per
461 1325 617 1360 clausulas
641 1327 805 1370 generales
827 1327 908 1360 idem
935 1327 992 1360 im-

252 1386 423 1425 portantes,
439 1381 556 1414 mentio
573 1392 628 1414 seu
647 1381 774 1425 quaevis
792 1381 852 1414 alia
869 1392 993 1425 expres-

253 1435 299 1468 sio
335 1435 474 1468 facienda
512 1440 565 1467 aut
603 1435 707 1479 aliqua
744 1435 803 1468 alia
840 1435 993 1479 exquisita

252 1488 354 1522 forma
386 1488 423 1521 ad
455 1489 516 1522 boc
551 1488 703 1521 servanda
728 1489 828 1530 soret,
866 1489 992 1522 illorum

253 1546 400 1582 tenores,
433 1552 562 1583 causas,
598 1542 716 1575 formas
748 1547 778 1574 et
812 1543 993 1576 occasiones

253 1595 471 1639 praesentibus
498 1606 556 1639 pro
581 1595 672 1639 plene
690 1600 719 1627 et
744 1595 935 1629 sufficienter
959 1607 994 1629 ac

253 1648 291 1681 de
308 1649 406 1682 verbo
422 1649 460 1682 ad
476 1650 619 1689 verbum,
633 1649 711 1681 nibil
729 1650 851 1693 penitus
866 1650 993 1692 omisso,

253 1701 388 1743 insertis⁷
414 1703 580 1747 expressis,
598 1703 727 1736 servatis
753 1709 782 1736 et
807 1704 994 1747 speciticatis

253 1755 414 1798 habentes,
430 1754 490 1789 illis
506 1757 581 1789 alias
598 1756 628 1789 in
643 1768 700 1790 suo
717 1757 833 1790 roboro
853 1768 995 1801 perman-

253 1810 350 1851 suris,
376 1810 414 1842 ad
439 1810 686 1854 praemissorum
711 1810 856 1844 effectum
879 1812 996 1855 specia-

253 1862 326 1896 liter
343 1869 372 1896 et
392 1875 539 1908 expresse
557 1875 592 1897 ac
609 1864 790 1908 plenissime
816 1871 843 1897 et
869 1866 995 1909 amplis-

254 1917 332 1950 sime
356 1918 545 1961 derogamus
572 1924 600 1951 et
631 1919 816 1961 derogatum
848 1929 916 1952 esse
948 1931 996 1953 vo-

253 1971 377 2011 lumus3
404 1971 579 2015 ceterisque
600 1971 765 2005 contrariis
791 1971 994 2015 quibuscum-

254 2035 324 2069 que.

299 2078 376 2122 ἓ16.
387 2079 537 2112 Volumus
551 2082 653 2112 autem
668 2085 701 2111 ut
714 2079 894 2112 carumdem
910 2091 996 2124 prae-

254 2133 388 2165 sentium
408 2133 581 2165 litterarum
601 2134 813 2177 transumptis,
832 2134 923 2166 etiam
944 2135 997 2167 im-

253 2187 381 2231 pressis,
396 2197 488 2219 manu
503 2187 634 2220 alicuius
652 2187 763 2220 notarii
790 2188 904 2231 publici
927 2188 997 2221 sub-

254 2240 399 2284 scriptis,
425 2246 455 2273 et
482 2240 585 2282 sigillo
609 2251 763 2284 personae
793 2241 823 2273 in
845 2241 995 2284 dignitate

254 2293 465 2326 ecclesiastica
495 2294 681 2327 constitutae
713 2294 861 2335 munitis,
886 2295 994 2328 eadem

252 2356 384 2390 prorsus
409 2346 486 2378 sides
518 2346 547 2378 in
582 2346 697 2379 iudicio
732 2352 761 2380 et>
795 2351 882 2381 extra
920 2347 995 2380 illud

253 2396 370 2440 ubique
394 2397 590 2437 adhibeatur,
622 2408 701 2441 quae
726 2398 801 2442 ipsis
826 2399 996 2442 praesenti-

253 2450 312 2483 bus
343 2450 566 2492 adhiberetur,
591 2451 616 2483 si
642 2452 743 2484 forent
767 2452 923 2485 exhibitae
947 2452 993 2485 vel

255 2510 407 2538 ostensae.

300 2559 411 2591 Datum
437 2559 564 2600 Romae,
589 2558 670 2603 apud
695 2559 724 2592 S,
747 2559 874 2593 Mariam
900 2560 994 2593 Maio-

1665 139 1722 174 78¹1

1005 202 1101 240 lreni,
1123 199 1180 232 sub
1193 199 1308 232 annulo
1326 199 1502 240 piscatoris,
1520 198 1570 231 die
1592 208 1664 232 xxtx
1683 208 1763 230 mar-

1024 253 1056 285 tii
1082 263 1227 293 MDCLXH,
1254 253 1454 297 pontificatus
1478 252 1577 286 nostri
1603 262 1684 285 anno
1709 261 1762 284 vn.

1058 315 1118 342 Dat.
1140 314 1174 342 ⁶29
1194 315 1282 342 martii
1304 316 1379 349 1662,
1397 315 1490 351 pontis.
1507 323 1576 342 anno
1592 322 1640 342 vu.

1289 458 1508 492 CCCLXXXIV.

1024 538 1195 572 Decretum
1219 539 1304 571 circa
1321 539 1502 572 visitatores
1519 539 1622 582 officio
1638 539 1763 582 functos

1070 593 1335 636 Conyreyationis
1351 593 1581 626 Lateranensis
1597 594 1764 626 canonico-

1069 656 1144 678 rum
1169 645 1374 688 reyulari‘um
1405 644 1540 679 Ordinis
1564 647 1671 680 sancti
1694 647 1763 680 Au-

1068 698 1223 742 qustim'fi

1219 780 1386 807 Alexander
1405 780 1482 813 Papa
1502 780 1551 807 vn
1565 801 1571 812 ,

1148 825 1184 851 ad
1204 828 1382 859 perpetuam
1402 825 1447 852 rei
1467 825 1647 852 memoriam.

1025 949 1160 991 gationis
1184 950 1401 983 Lateranensis
1427 950 1651 983 canonicorum
1676 959 1766 992 regu-

1026 1003 1138 1036 larium
1164 1002 1287 1036 Ordinis
1319 1003 1416 1036 sancti
1442 1003 1606 1046 Augustini
1631 1002 1765 1047 disposi-

1028 1063 1091 1090 tum
1117 1057 1166 1098 sit,
1191 1063 1234 1098 ut,
1259 1057 1311 1101 qui
1341 1057 1510 1091 visitatoris
1541 1057 1644 1090 officio
1669 1057 1765 1090 suncti

1026 1117 1108 1151 sunt,
1133 1118 1315 1145 remaneant
1339 1112 1371 1144 in
1394 1117 1583 1156 perpetuum
1598 1111 1709 1155 prelati
1727 1111 1765 1144 ti-

1027 1165 1143 1198 tulares
1168 1176 1239 1197 cum
1266 1175 1342 1198 voce
1366 1165 1461 1197 attiva
1486 1170 1516 1197 et
1532 1165 1655 1208 passiva
1673 1164 1703 1196 in
1721 1175 1767 1197 ca-

1026 1218 1132 1262 pitulis
1158 1218 1358 1261 generalibus
1383 1229 1418 1251 ac
1442 1217 1548 1258 dietis;
1574 1217 1604 1250 id
1629 1228 1703 1251 vero
1737 1217 1766 1249 in

1027 1282 1121 1315 grave
1160 1271 1316 1315 regularis
1355 1271 1571 1305 observantiae
1608 1270 1768 1315 praeiudi-

1027 1326 1121 1366 cium,
1146 1336 1182 1359 ac
1216 1325 1480 1358 monasteriorum
1514 1324 1766 1368 provinciarum-

1027 1390 1087 1423 que
1111 1379 1310 1423 dispendium
1337 1378 1448 1412 cedere
1486 1383 1682 1422 compertnm
1708 1378 1765 1411 sit:

1027 1444 1093 1475 nos,
1119 1438 1296 1476 opportune
1321 1432 1379 1465 hac
1404 1432 1434 1464 in
1459 1442 1493 1465 re
1517 1431 1684 1476 providere
1714 1442 1767 1464 cu-

1028 1487 1147 1530 pientes
1159 1513 1166 1527 ,
1192 1491 1280 1519 motu
1304 1486 1446 1530 proprio,
1461 1496 1496 1518 ac
1511 1496 1547 1518 ex
1563 1486 1647 1518 certa
1667 1485 1767 1518 scien-

1029 1541 1070 1573 tia
1096 1544 1125 1574 et
1145 1542 1267 1573 matura
1281 1540 1507 1573 deliberatione
1522 1539 1649 1580 nostris,
1668 1538 1768 1582 deque

1028 1594 1219 1637 apostolicae
1243 1593 1403 1637 potestatis
1429 1592 1631 1636 plenitudine,
1660 1598 1768 1626 tenore

1028 1647 1240 1691 praesentium
1267 1646 1486 1688 decernimus,
1512 1652 1545 1678 ut
1570 1656 1605 1678 ex
1631 1645 1689 1686 iis⁷
1714 1645 1767 1689 qui

1029 1701 1196 1734 visitatoris
1221 1700 1359 1733 officium
1385 1699 1416 1732 in
1440 1705 1601 1743 posterum
1628 1699 1768 1742 expleve-

1029 1755 1100 1797 rint,
1122 1765 1202 1787 unus
1216 1759 1334 1786 tantum
1351 1764 1410 1798 pro
1432 1754 1571 1798 qualibet
1595 1753 1766 1797 provincia,

1029 1814 1058 1842 et
1082 1809 1134 1852 qui
1160 1809 1191 1841 in
1215 1808 1325 1841 eodem
1351 1808 1389 1840 sit
1414 1807 1583 1851 antiquior,
1605 1813 1767 1850 tamquam

1030 1862 1187 1905 praelatus
1212 1867 1241 1894 et
1265 1861 1412 1894 delinitor
1434 1860 1587 1893 habeatur
1607 1860 1645 1892 ad
1663 1870 1769 1903 supra-

1029 1915 1182 1948 dictarum
1222 1914 1480 1948 constitutionum
1516 1913 1768 1957 praescriptum,

1030 1980 1130 2013 eoque
1156 1973 1208 2001 aut
1233 1979 1289 2012 per
1309 1968 1441 2009 obitum,
1459 1972 1511 2000 aut
1530 1967 1591 2000 alia
1613 1978 1648 1999 ex
1675 1968 1768 2000 causa

1029 2023 1212 2063 deficiente,
1236 2021 1412 2065 proximior
1436 2032 1493 2065 pro
1519 2020 1612 2053 officii
1638 2019 1769 2053 antiani-

1031 2082 1091 2109 tate
1115 2081 1294 2109 assumatur
1319 2075 1428 2119 (modo
1448 2074 1574 2118 aliquod
1590 2084 1651 2107 non
1667 2074 1769 2107 obstet

1030 2131 1214 2165 canonicum
1241 2129 1525 2173 impedimentum),
1559 2128 1696 2172 exceptis
1728 2133 1769 2160 ta-

1012 2189 1101 2218 'men
1126 2184 1336 2228 generalibuS,
1357 2183 1420 2227 qui,
1438 2183 1557 2228 absque
1582 2183 1634 2215 tali
1660 2181 1768 2214 discri-

1031 2239 1125 2278 mine,
1150 2237 1293 2281 perpctui
1319 2236 1500 2269 definitores
1525 2235 1710 2267 habeantur.

1073 2292 1133 2335 3⁶2.
1154 2291 1363 2324 Decernentes
1385 2289 1504 2334 pariter
1528 2288 1654 2321 easdem
1683 2297 1770 2331 prae-

1029 2351 1132 2379 sentes
1160 2345 1278 2377 litteras
1306 2354 1432 2387 semper
1458 2343 1575 2383 firmas,
1595 2341 1712 2374 validas
1740 2346 1770 2374 et

1030 2399 1171 2431 efficaces
1189 2398 1322 2431 existere
1348 2402 1378 2430 et
1395 2397 1471 2436 sore,
1497 2406 1632 2439 suosque
1664 2395 1770 2439 plena-

1029 2451 1093 2485 rios
1128 2456 1157 2483 ct
1189 2451 1327 2493 integros
1353 2449 1481 2483 effecius
1507 2449 1612 2483 sortiri
1639 2454 1669 2481 et
1691 2448 1770 2481 obti-

1068 2569 1074 2593 t
1095 2566 1131 2594 Ex
1148 2567 1254 2602 Regest.
1272 2566 1298 2593 in
1312 2566 1414 2594 Secret.
1433 2565 1509 2593 Brev.

1775 148 1824 175 An.
1846 147 1874 174 C.
1892 147 1958 175 1662

1070 895 1084 939 ἓ
1109 895 1137 928 1.
1163 895 1237 929 Cum
1264 896 1294 928 in
1327 895 1602 929 constitutionibus
1632 905 1764 938 congre·
1780 902 1873 949 &3022
1889 903 1963 949 {1¹1³}AEss

1780 955 1844 976 suncti
1855 961 1907 976 unus
1919 959 1963 976 tan-

1780 985 1821 1002 tum
1834 984 1857 1012 >in
1870 983 1964 1008 qualibet

1780 1015 1888 1035 provincia
1903 1014 1963 1034 prae·

1779 1037 1835 1057 latus
1848 1037 1963 1056 remaneat..

1811 2291 1930 2313 Clausulas.
