2202 3190
439 169 502 203 826
985 180 1163 206 BULLARIL‘M
1187 181 1339 206 Romnum

396 233 452 266 CV.
481 230 669 266 Commissio
698 231 857 276 episcopis
881 231 1080 274 cataloniae,
1100 238 1135 266 ut

484 285 691 319 dioecesanos
716 295 790 318 suos
823 284 988 319 absolvant
1013 297 1030 319 a
1054 297 1131 319 cen-

484 338 566 371 suris
590 349 646 382 per
669 348 722 372 eos
746 338 883 372 incursis
915 346 1044 384 propter
1068 340 1135 373 vio-

485 390 636 424 lationem
661 390 887 424 iurisdictionis
917 403 953 425 ac
978 391 1133 425 immuni-

484 443 558 477 tatis
571 448 602 476 et
614 443 770 478 libertatis
795 444 1040 485 ecclesiasticae,
1058 445 1133 477 111.

395 495 465 529 CVI.
494 496 633 530 Absolvit
658 496 835 540 capitulum
871 497 1137 542 metropolitanae

486 549 641 584 ecclesiae
654 549 964 593 Caesaraugustanae
978 551 1017 583 oh
1034 561 1139 584 recur-

487 612 539 636 sus
564 602 604 635 ad
629 601 749 636 iudices
773 603 871 637 laicos
896 604 929 636 in
954 603 1057 637 causis
1080 614 1138 637 ro—

489 654 603 688 talibus
628 665 736 688 coram
761 656 796 689 R.
825 657 858 690 P.
886 657 920 690 D.
945 656 1038 690 Cerro
1062 667 1139 700 pen-

487 708 647 748 dentibus,
674 708 750 743 167.

397 761 482 795 CVII.
500 761 591 801 Quod
609 762 748 808 episcopi
766 763 874 797 Italiae
896 763 1139 807 insularumque

490 814 707 849 adiacentium
734 816 773 849 ad
791 816 929 860 synodos
945 816 1139 860 peragendas

491 868 691 909 conveniant,
717 867 791 903 168.

398 920 498 954 CVIII.
527 921 736 955 Confirmatio
754 921 977 965 assignationis
994 921 1138 956 redditus

487 984 539 1008 sex
562 973 699 1008 millium
720 974 915 1008 florenorum
940 985 996 1019 per
1020 975 1140 1009 archie-

487 1026 654 1071 piscopum
679 1026 955 1070 Salisburgensem
973 1027 1073 1062 sactae
1090 1038 1140 1061 ca-

487 1078 590 1123 pitulo
612 1079 714 1113 dictae
738 1080 905 1122 ecclesiae,
932 1080 1007 1114 170.

401 1133 473 1166 CIX.
502 1131 708 1166 Confirmatio
725 1133 967 1168 consuetudinis
982 1133 1065 1168 circa
1079 1134 1140 1167 ele-

488 1187 624 1220 ctionem
650 1187 836 1222 officialium
861 1188 1059 1231 generalium
1077 1187 1136 1221 Or-

490 1240 574 1274 dinis
599 1241 629 1274 S.
654 1240 759 1274 Basilii
778 1242 816 1274 ad
833 1243 1034 1283 sexennium,
1061 1242 1136 1276 172.

402 1293 460 1327 CX.
489 1293 634 1327 Facultas
659 1293 904 1338 Congregationi
929 1295 1064 1329 Oratorii
1082 1296 1140 1328 Do-

489 1347 569 1381 mini
595 1348 699 1382 nostri
730 1348 800 1381 Iesu
834 1348 948 1382 Christi
980 1348 1012 1382 in
1043 1349 1140 1383 Gallia

490 1401 649 1435 condendi
674 1401 706 1434 in
731 1401 796 1436 suis
814 1402 958 1446 capitulis
983 1403 1140 1446 generali-

488 1455 547 1488 bus
563 1460 691 1495 statuta,
711 1461 770 1489 etc.
797 1455 872 1489 173.

401 1507 474 1541 CXI.
499 1508 542 1541 De
565 1518 700 1541 numero
726 1509 957 1543 monachorum
986 1511 1142 1554 professo-

489 1571 560 1594 rum
586 1561 640 1604 qui
666 1561 801 1596 existere
831 1562 946 1597 debent
970 1563 1002 1596 in
1028 1575 1141 1598 mona-

490 1613 594 1647 steriis
609 1613 873 1658 Congregationis
888 1616 1076 1651 reformatae
1091 1618 1141 1651 del

492 1667 619 1700 Tardon
645 1667 773 1701 Ordinis
812 1669 913 1703 sancti
939 1669 1046 1703 Basilii
1072 1670 1144 1704 Ma-

489 1720 557 1763 gni,
584 1719 659 1753 174.

401 1771 486 1807 CXII.
512 1773 691 1807 Prohibitio
712 1774 897 1808 extrahendi
917 1775 1028 1817 libros,
1047 1777 1142 1821 quin-

492 1831 583 1860 terna
606 1832 637 1861 et
661 1826 750 1868 folia,
776 1832 841 1861 tam
865 1828 1021 1872 impressa
1046 1842 1142 1875 quam

490 1881 750 1924 manuscripta‚e
774 1881 977 1916 bibliothecis
1005 1894 1142 1918 conven-

490 1938 582 1967 tuum
607 1934 741 1968 fratrum
775 1935 1074 1980 Cappuccinorum,
1113 1944 1144 1972 et

491 1986 553 2021 alio
580 1988 790 2022 transterendi
806 2016 813 2029 ‚
839 1989 978 2033 exceptis
1012 1990 1140 2034 praedi-

492 2040 654 2075 catoribus
683 2047 827 2087 ternpore
856 2043 1142 2088 quadragesimae,

492 2092 565 2126 176.

403 2144 504 2179 CXIII.
522 2145 709 2180 Commissio
723 2148 963 2194 archiepiscopo
980 2150 1142 2192 Toletano,

495 2204 529 2233 ut
554 2200 717 2233 cathedras
743 2200 821 2234 iuris
846 2202 947 2236 civilis
971 2204 1002 2236 in
1020 2204 1145 2238 univer-

493 2252 586 2286 sitate
610 2252 827 2298 Complutensi
852 2255 1016 2298 instituat,
1045 2257 1118 2290 177.

404 2304 501 2338 CXIV.
526 2304 703 2339 Committit
727 2307 846 2341 nuncio
870 2309 1086 2351 Venetiarum,
1110 2316 1143 2343 ut

492 2367 588 2391 novas
601 2358 753 2402 picturas,
766 2360 880 2395 Titiani
894 2373 1004 2406 opera,
1018 2373 1143 2397 necnon

492 2420 646 2453 organum
660 2422 762 2446 unum
777 2423 812 2447 ac
827 2414 1069 2449 tabernaculum
1085 2428 1143 2462 pro

494 2465 602 2496 saneta
624 2465 843 2508 Eucharistia‚
868 2468 993 2513 aliaque
1014 2470 1145 2513 supelle-

497 2515 582 2548 ctilia
603 2527 693 2551 sacra
709 2519 861 2553 ecclesiae
885 2520 1144 2566 Congregationis

497 2579 682 2615 suppressae
706 2574 932 2608 canonicorum
949 2576 1143 2618 regularium

1275 233 1305 266 S.
1346 232 1483 277 Spiritus
1513 232 1719 268 Venetiarum
1737 260 1746 274 ‚
1772 233 1927 268 ecclesiae

1275 286 1305 320 S.
1331 286 1446 320 Mariae
1466 286 1615 320 Sanitatis
1631 286 1846 327 Venetiarum,
1861 286 1928 320 eius

1276 345 1463 373 ornamento
1477 344 1507 372 et
1520 339 1627 372 decori
1640 334 1845 379 deservitura,
1857 350 1928 383 per-

1275 397 1372 436 petuo
1397 391 1546 436 applicet,
1573 390 1648 425 178.

1189 445 1272 478 CXV.
1293 444 1498 478 Confirmatio
1520 443 1689 479 erectionis
1713 444 1928 488 quorumdam

1277 502 1491 531 conventuum
1509 497 1635 531 Ordinis
1650 496 1750 530 sancti
1767 497 1928 531 Francisci

1278 550 1316 585 de
1334 550 1539 584 Observantia
1553 550 1584 583 in
1595 549 1759 584 Sclavonia
1774 550 1930 584 constitu-

1278 609 1383 637 torum
1409 603 1442 636 in
1466 614 1579 637 novam
1605 603 1793 644 custodiam,
1817 602 1892 636 179.

1189 657 1286 691 CXVI.
1310 656 1487 690 Declaratio
1511 655 1597 700 quod
1615 655 1655 688 ob
1674 655 1929 699 praetermissam

1278 721 1296 743 a
1327 710 1502 754 Republica
1533 710 1650 743 Veneta
1677 708 1930 743 nominationem

1279 773 1490 807 personarum
1515 762 1603 796 iuxta
1619 761 1855 795 concessionem
1880 762 1931 795 Iu-

1278 816 1312 849 lii
1335 816 1375 849 III
1403 815 1436 848 in
1469 814 1668 849 coadiutoria
1693 820 1723 848 et
1752 814 1932 858 provisione

1280 868 1432 903 ecclesiae
1446 868 1670 913 Aquileiensis,
1687 873 1718 902 et
1733 878 1799 901 non
1815 868 1932 902 factam

1280 934 1297 956 a
1314 923 1377 956 Sua
1389 922 1562 956 Sanctitate
1575 922 1606 955 in
1620 921 1734 955 litteris
1751 922 1790 955 de
1808 932 1933 956 conces-

1280 975 1367 1009 sione
1397 975 1586 1009 huiusmodi
1617 975 1837 1015 mentionem,
1861 975 1932 1009 nul-

1280 1030 1347 1063 lum
1362 1028 1463 1063 eidem
1476 1028 1681 1072 Reipublicae
1698 1028 1932 1072 praeiudicium

1279 1083 1312 1116 in
1336 1083 1532 1127 praescripta
1556 1082 1763 1115 concessione
1794 1092 1928 1126 genera-

1280 1142 1348 1170 tum
1372 1136 1424 1177 sit,
1442 1146 1501 1170 nec
1517 1136 1550 1169 in
1568 1142 1731 1179 posterum
1749 1141 1930 1180 generetur,

1191 1243 1308 1278 CXVII.
1326 1243 1534 1278 Confirmatio
1550 1244 1669 1278 decreti
1684 1254 1793 1278 sacrae
1803 1255 1933 1289 congre-

1279 1297 1418 1341 gationis
1436 1297 1554 1331 rituum
1568 1308 1663 1341 super
1683 1297 1876 1332 deductione
1887 1309 1934 1332 ca-

1280 1351 1433 1384 daverum
1458 1351 1497 1383 ad
1522 1352 1670 1385 ecclesias
1691 1351 1890 1394 regularium
1916 1363 1934 1386 a

1281 1404 1430 1448 parochis
1455 1404 1655 1437 secularibus
1680 1404 1836 1445 facienda,
1853 1404 1930 1438 182.

1192 1458 1316 1493 CXVIII.
1342 1457 1467 1491 Mandat
1488 1458 1605 1491 servari
1623 1458 1719 1492 Breve
1736 1458 1853 1492 Urbani
1866 1458 1933 1493 VIII

1282 1511 1558 1546 confirmatorium
1573 1511 1735 1545 divisionis
1751 1512 1934 1556 provinciae

1281 1565 1433 1599 Franciae
1466 1564 1496 1600 S.
1531 1565 1635 1599 lvonis
1675 1566 1934 1610 congregationis

1283 1618 1420 1653 Gallicae
1444 1618 1541 1652 Tertii
1565 1618 1692 1652 Ordinis
1717 1620 1816 1653 sancti
1837 1619 1934 1653 Fran-

1282 1671 1368 1712 cisci,
1394 1672 1431 1704 de
1450 1671 1653 1716 poenitentia
1678 1672 1874 1716 nuncupati,
1900 1673 1933 1706 in

1282 1724 1372 1765 duas,
1385 1735 1500 1769 nempe
1514 1724 1543 1759 S.
1554 1725 1712 1758 Francisci
1728 1730 1758 1759 et
1770 1725 1800 1759 S.
1817 1726 1934 1767 lvonis,

1282 1778 1479 1823 provincias,
1521 1788 1557 1810 ac
1594 1779 1744 1812 fratribus
1782 1779 1934 1813 Parisinis

1282 1830 1425 1864 eiusdem
1457 1830 1640 1875 provinciae
1669 1830 1803 1875 aliisque
1831 1832 1934 1866 omni-

1282 1885 1342 1917 bus
1365 1883 1548 1928 provinciae
1573 1883 1602 1916 S.
1630 1884 1792 1917 Francisci
1820 1895 1933 1929 perpe-

1283 1943 1373 1972 tuum
1398 1936 1560 1970 silentium
1586 1937 1733 1981 imponit,
1760 1937 1834 1972 183.

1194 1991 1318 2025 CXVIX.
1345 1992 1405 2025 Pro
1430 1990 1604 2025 concordia
1627 1993 1762 2025 fratrum
1778 1992 1934 2036 regularis

1282 2044 1507 2078 Observantiae
1546 2044 1647 2078 sancti
1672 2045 1832 2080 Francisci
1865 2057 1935 2090 pro-

1283 2097 1404 2131 vinciae
1435 2097 1465 2131 S.
1494 2096 1620 2131 Ioannis
1645 2097 1864 2141 Evangelistae
1887 2098 1935 2133 in-

1284 2151 1426 2184 sularum
1452 2151 1489 2185 de
1514 2151 1673 2192 Azzorres‚
1698 2150 1773 2185 186.

1194 2203 1279 2237 CXX.
1315 2203 1493 2237 Iubilaeum
1528 2203 1708 2238 universale
1740 2205 1780 2238 ad
1812 2205 1930 2249 implo-

1284 2258 1417 2291 randam
1442 2267 1537 2301 opem
1562 2257 1703 2291 divinam
1727 2257 1761 2290 in
1784 2268 1935 2303 praesen-

1283 2311 1367 2344 tibus
1392 2310 1553 2345 Ecclesiae
1578 2310 1836 2353 necessitatibus,
1856 2311 1931 2346 194.

1194 2363 1294 2398 CXXI.
1336 2364 1506 2407 Deputatio
1543 2363 1686 2407 episcopi
1712 2363 1871 2398 Tullensis
1901 2365 1935 2399 in

1282 2417 1518 2460 suffraganeum
1543 2421 1574 2450 et
1597 2416 1752 2450 vicarium
1780 2418 1813 2450 in
1843 2417 1936 2462 spiri-

1282 2470 1422 2504 tualibus
1446 2474 1476 2503 et
1500 2471 1730 2514 temporalibus
1755 2471 1935 2514 generalem

1283 2523 1405 2557 domini
1431 2522 1599 2557 cardinalis
1623 2523 1662 2556 de
1678 2524 1751 2558 Retz
1781 2524 1935 2569 archiepi-

1284 2577 1371 2621 scopi
1398 2576 1597 2619 Parisiensis,
1621 2577 1696 2613 197.

2139 382 2171 590 -—¹„1'4“'?*⁸¹

2150 818 2162 870 ιτνθ
2154 798 2161 805 ι

2152 1733 2154 1737 ·
2146 1179 2177 1702 «κ-ϊ-’τΜη-μειὶιχμιωῠ.
2150 904 2175 1139 ΛΜ
