2185 3188
76 163 126 191 An.
151 166 178 189 tt.
200 162 266 191 1655

872 153 1060 181 ALEXANDER
1082 153 1128 177 vn
1152 153 1199 176 Pt’.

277 206 504 253 chiepiscopali
521 206 641 247 mensa,
657 203 824 238 accedente
839 202 876 235 ad
895 203 954 235 hoc
972 212 1020 235 ex-

274 272 384 308 presso
409 271 564 295 consensu
590 264 619 294 et
644 259 812 299 desiderio,
833 261 867 291 ut
885 256 1020 301 praeser-

276 323 336 358 tur‚
357 316 430 350 dieti
457 315 579 349 Ernesti
600 313 761 348 Adalberti
785 310 1017 354 archiepiscopi

275 375 305 405 et
329 370 506 410 cardinalis,
539 368 712 413 apostolica
738 365 946 405 anctoritate,
977 369 1019 396 te-

275 435 352 459 nore
372 424 597 469 praesentium,
614 426 768 467 perpetuo
787 429 971 464 separamus
989 423 1019 450 et

275 479 549 519 dismembramus,
571 487 606 510 ae
623 476 661 509 ab
679 474 764 509 omni
791 472 1018 511 iurisdictione,

275 532 509 577 superioritate,
538 529 745 570 correctione,
771 526 923 565 dominio,
949 525 1019 557 visi-

276 586 393 620 tatione
418 591 448 618 et
472 589 625 629 potestate
642 593 700 627 pro
717 587 862 625 tempore
886 579 1018 612 existen-

277 640 314 674 tis
331 638 560 683 archiepiscopi
578 635 753 679 Pragensis,
773 635 921 677 illiusque
939 632 1019 665 vica-

276 692 316 726 rii
343 697 373 726 et
397 691 555 731 officialis,
580 700 616 723 ac
640 689 796 722 solutione
821 687 1016 719 decimarum

276 750 306 779 et
324 754 595 789 quorumcumque
621 743 755 776 aliorum
781 741 897 774 iurium
916 739 1016 772 eidem

276 798 514 843 archiepiscopo
544 807 579 830 ae
615 796 736 829 dilectis
771 795 845 828 tiliis
880 793 1017 837 capitulo

274 851 424 895 Pragensi
448 861 505 895 per
537 850 678 892 clerum,
710 849 864 893 populum
891 853 921 880 et
944 857 1016 890 per-

275 915 367 939 sonas
387 903 567 937 huiusmodi
592 903 714 936 ratione
738 900 954 940 subiectionis,
972 900 1016 932 iu-

275 960 475 1001 risdictionis,
505 959 734 1003 superioritatis
748 985 755 999 ,
776 957 963 990 visitationis
987 961 1016 988 et

274 1014 353 1058 legis
370 1013 573 1047 dioecesanae
590 1012 769 1047 debitorum
789 1012 846 1055 (ita
865 1016 898 1044 ut
914 1010 952 1043 de
970 1020 1016 1043 ce-

273 1073 342 1102 tero
366 1068 625 1113 archiepiscopus
650 1066 817 1110 Pragensis
848 1075 907 1109 pro
934 1069 1014 1097 tem-

272 1132 351 1166 pore
382 1122 517 1155 existens
547 1121 666 1154 nullam
699 1119 949 1153 iurisdictionem
983 1118 1014 1150 in

272 1175 397 1220 oppida,
417 1174 577 1215 terminos,
599 1174 769 1214 territoria,
793 1178 905 1213 eastra,
926 1171 1014 1204 villas

272 1234 301 1262 et
314 1229 393 1270 loca,
405 1239 528 1262 necnon
553 1228 684 1269 clerum,
713 1227 878 1271 populum,
903 1235 1013 1269 perso-

270 1293 336 1326 nas,
353 1293 388 1316 ac
412 1282 612 1324 monasteria,
633 1281 790 1322 eeclesias,
814 1279 967 1313 beneficia
984 1284 1014 1312 et

271 1336 323 1380 pia
351 1336 420 1370 loca
452 1335 634 1369 huiusmodi
669 1335 726 1368 sub
758 1334 955 1378 separatione
985 1337 1013 1367 et

273 1389 551 1423 dismembratione
567 1388 748 1422 huiusmodi
773 1387 1012 1432 comprehensa,

275 1453 504 1487 quaecumque,
527 1446 738 1488 quotcumque
762 1447 792 1475 et
816 1441 1011 1485 qualiacum-

273 1507 334 1541 que
354 1496 424 1538 sint‚
443 1507 523 1540 quae
547 1500 637 1530 antea
654 1496 693 1528 ad
710 1496 793 1528 illius
813 1495 1011 1528 collationem

273 1561 328 1584 seu
351 1550 493 1594 quamvis
511 1550 603 1583 aliam
623 1549 861 1594 dispositionem
881 1559 1011 1592 quomo-

273 1604 392 1638 dolibet
409 1603 617 1648 pertinebant,
635 1604 760 1643 habeat,
777 1603 943 1646 minusque
963 1603 1013 1636 be-

270 1657 382 1691 neficia
406 1657 617 1691 ecclesiastica
641 1657 822 1690 huiusmodi
847 1657 1011 1697 conferre,

270 1722 326 1745 seu
349 1712 481 1753 fructus,
506 1711 668 1751 redditus,
700 1716 891 1755 proventus,
920 1711 1010 1751 iura,

270 1764 474 1799 obventiones
500 1768 530 1799 et
553 1765 775 1805 emolumenta,
796 1775 852 1808 per
877 1774 949 1797 eum
980 1764 1011 1796 in

270 1818 404 1863 oppidis,
422 1819 524 1859 terris,
543 1818 633 1859 villis,
652 1818 762 1851 castris
782 1824 812 1850 et
830 1818 906 1851 locis
924 1828 1010 1862 prae-

269 1872 369 1915 dictis,
383 1872 421 1905 de
445 1872 493 1905 his
503 1872 523 1915 ¹,
540 1882 620 1916 quae
644 1872 682 1904 ad
706 1872 796 1905 illum
820 1872 942 1905 ratione
968 1872 1010 1905 iu-

270 1925 470 1968 risdictionis,
487 1925 672 1958 visitationis
697 1931 727 1958 et
750 1925 828 1968 legis
853 1925 1009 1958 dioecesa-

269 1989 328 2012 nae
347 1979 526 2013 huiusmodi
551 1980 725 2024 pertinent,
746 1989 779 2012 se
799 1979 1009 2014 intromittere

270 2033 446 2066 nullatenus
472 2034 601 2078 possit),
627 2034 813 2067 auctoritate
842 2039 872 2066 et
899 2039 1009 2067 tenore

271 2086 469 2131 praemissis,
493 2087 626 2131 penitus,
648 2087 686 2120 de
706 2097 862 2121 consensu
886 2087 1008 2131 praedi-

271 2145 340 2181 cto,
365 2140 529 2174 eximimus
562 2145 591 2175 et
627 2141 809 2175 liberamus.
835 2142 946 2185 Atque,
971 2142 1008 2174 ad

269 2194 493 2239 omnipotentis
517 2195 571 2228 Dei
596 2195 720 2229 laudem
746 2201 775 2228 et
800 2196 945 2239 gloriam,
973 2206 1008 2229 ae

268 2248 380 2283 Beatac
405 2249 517 2282 Mariae
541 2259 665 2294 semper
690 2250 827 2293 Virginis
856 2256 886 2283 et
910 2251 1006 2284 sancti

267 2303 415 2348 Stephani
433 2305 682 2349 protomartyris,
692 2305 848 2348 totiusque
866 2306 1007 2338 caelestis

268 2357 374 2390 curiae
408 2357 572 2400 honorem,
593 2363 622 2391 et
654 2358 830 2391 animarum
864 2359 1007 2400 salutem,

269 2410 421 2455 oppidum
454 2410 698 2445 Litomericcnse
730 2412 762 2445 in
787 2412 953 2454 cii-itatem,
979 2419 1008 2446 et

258 2506 263 2511 -
302 2494 314 2520 ¹
332 2492 362 2519 In
378 2500 453 2529 seqq.
471 2491 551 2519 lectio
567 2493 687 2520 cernitur
702 2493 848 2527 defectiva,
864 2494 953 2521 forsan
970 2494 1007 2522 le-

264 2536 383 2572 gendum
391 2537 506 2572 percipi
516 2536 612 2570 solita,
621 2538 781 2573 percipere,
793 2540 867 2566 acin
880 2539 1006 2573 his,etc.;

263 2580 312 2610 sed
342 2581 402 2609 vide
420 2581 501 2617 paulo
521 2584 609 2616 antea,
630 2589 689 2617 pag.
711 2583 744 2609 32
764 2583 778 2611 b
798 2583 835 2619 (R.
851 2584 899 2618 T.).

348 2634 427 2665 Buta.
447 2635 532 2665 Rom.
574 2635 633 2667 Vol.
652 2635 727 2666 XVI.
890 2638 907 2666 5

1055 200 1249 244 praedictam
1276 199 1474 243 collegiatam
1501 198 1664 232 ecclesiam
1690 199 1723 232 in
1750 209 1800 233 ca-

1054 254 1238 295 thedralem,
1253 254 1310 286 sub
1324 254 1434 286 eadem
1453 253 1550 286 sancti
1564 252 1710 296 Stephani
1724 263 1799 297 pro-

1054 308 1236 352 tomartyris
1254 308 1463 347 invocatione,
1480 318 1538 351 pro
1551 308 1631 340 uno¹
1650 307 1799 351 episcopo

1052 360 1291 395 Litomei‘icensi
1318 361 1540 404 nuncupando,
1569 361 1622 404 qui
1648 361 1799 395 ecclesiae

1052 414 1292 448 Litomericensi
1317 414 1455 458 praesit,
1485 425 1521 448 ae
1546 414 1796 448 iurisdictionem

1052 469 1277 513 episcopalem,
1293 468 1466 511 omniaque
1480 473 1509 500 et
1522 468 1645 510 singula
1655 478 1735 512 quae
1748 479 1798 502 or-

1053 522 1144 563 dinis,
1164 521 1401 560 imisdietionis,
1419 521 1466 553 vel
1486 521 1614 553 alterius
1639 521 1798 566 episcopa-

1053 576 1089 608 lis
1108 575 1249 608 muneris
1264 574 1334 614 sint,
1354 573 1468 607 habeat
1485 578 1515 606 et
1535 580 1688 615 exerceat,
1705 574 1743 608 de
1757 575 1798 608 si-

1052 629 1118 662 mili
1133 638 1298 668 consensu,
1309 627 1426 661 eisdem
1441 627 1626 660 auctoritate
1637 633 1666 660 et
1678 633 1796 669 tenore,

1052 683 1204 726 erigimus
1221 688 1251 715 et
1269 682 1473 722 instituimus,
1490 692 1526 714 ac
1551 681 1797 716 Litomericense

1051 748 1109 781 pro
1128 737 1263 777 civitate,
1280 742 1311 770 et
1331 736 1391 768 alia
1411 736 1539 780 oppida,
1557 737 1719 778 terminos,
1737 742 1797 770 ter-

1052 790 1171 832 ritoria,
1190 796 1303 830 castra,
1324 789 1413 822 villas
1431 795 1460 822 et
1477 789 1545 822 loca
1565 799 1624 833 pro
1649 789 1796 831 dioecesi,

1050 854 1173 877 necnon
1198 844 1330 884 clerum,
1352 843 1504 887 populum
1526 848 1556 876 et
1572 853 1725 887 personas
1742 843 1796 876 liu-

1051 898 1187 931 iusmodi
1212 909 1271 942 pro
1296 898 1392 938 clero,
1418 897 1581 939 vassallis,
1613 897 1733 941 populo
1765 903 1796 930 et

1050 952 1193 996 personis
1220 951 1353 984 civitatis
1379 956 1410 984 et
1433 950 1587 984 dioecesis
1620 951 1793 984 Litomeri-

1050 1005 1162 1047 censis,
1188 1005 1376 1038 auctoritate
1401 1009 1431 1038 et
1454 1010 1565 1038 tenore
1599 1004 1794 1048 praemissis,

1049 1059 1252 1092 concedimus
1277 1064 1307 1091 ct
1331 1058 1537 1101 assignamus.
1560 1058 1692 1102 Insuper
1710 1068 1792 1091 men·

1049 1124 1101 1146 sae
1125 1112 1297 1157 episcopali
1332 1112 1512 1156 praedictae
1540 1122 1599 1156 pro
1629 1111 1696 1144 eius
1721 1111 1793 1145 dote

1048 1166 1223 1200 dominium
1249 1177 1266 1199 a
1292 1167 1382 1199 sacra
1400 1165 1647 1209 congregatione
1665 1165 1703 1198 de
1720 1165 1793 1198 Pro-

1047 1221 1191 1264 paganda
1206 1220 1280 1253 Fide
1294 1220 1490 1264 praescripta
1514 1220 1609 1252 liuius
1623 1219 1792 1253 erectionis

1048 1275 1230 1308 efficiendae
1254 1275 1355 1318 gratia
1381 1274 1482 1307 tribus
1507 1279 1537 1307 et
1564 1274 1792 1318 quinquaginta

1047 1330 1242 1363 florenorum
1263 1329 1508 1362 Bohemicorum
1526 1328 1665 1361 millibus
1682 1329 1715 1360 in
1730 1328 1791 1361 illis

1047 1384 1189 1428 partibus
1219 1394 1321 1428 nuper
1356 1389 1523 1428 emptum,
1558 1388 1588 1416 et
1617 1383 1790 1427 praefatam

1046 1438 1321 1482 praeposituram,
1353 1448 1433 1481 quae
1464 1437 1502 1470 de
1534 1436 1791 1481 iurepatronatus

1046 1492 1120 1525 dicti
1134 1492 1324 1525 Ferdinandi
1339 1496 1499 1536 tamquam
1513 1491 1682 1525 Bohemiae
1705 1492 1790 1534 regis

1046 1551 1076 1579 et
1107 1546 1139 1579 in
1169 1546 1253 1580 dieta
1285 1546 1450 1589 collegiata
1487 1546 1619 1579 ecelesia
1655 1545 1790 1589 dignitas

1046 1600 1230 1644 principalis
1255 1600 1366 1641 existit,
1392 1604 1422 1632 et
1446 1599 1485 1632 ad
1509 1610 1676 1643 praesens,
1702 1605 1789 1634 certo

1046 1654 1151 1694 modo,
1163 1664 1257 1699 quem
1271 1654 1492 1696 praesentibus
1516 1653 1627 1686 haberi
1643 1654 1788 1687 volumus

1046 1718 1104 1751 pro
1119 1717 1278 1751 expresso,
1292 1712 1390 1747 vacat,
1401 1717 1569 1750 quamque,
1580 1707 1618 1739 de
1635 1717 1790 1741 consensu

1044 1761 1117 1794 dieti
1128 1760 1317 1794 Ferdinandi
1332 1761 1623 1804 1*eg·iS‚aucto1·itate
1637 1766 1666 1794 et
1679 1766 1790 1795 tenore

1044 1814 1238 1858 praemissis,
1253 1814 1347 1847 etiam
1364 1814 1494 1847 omnino
1515 1814 1745 1858 supprimimus
1759 1821 1790 1849 et

1044 1868 1268 1911 extinguimus,
1294 1878 1468 1911 omnesque
1495 1873 1557 1900 tam
1582 1869 1786 1912 praepositu-

1044 1933 1096 1956 rae
1121 1922 1303 1955 huiusmodi
1329 1922 1373 1955 sie
1398 1932 1598 1966 suppressae,
1619 1933 1714 1966 quam
1736 1923 1788 1957 do·

1044 1977 1132 2010 minii
1158 1983 1191 2010 ut
1214 1977 1392 2021 praefertur
1417 1977 1532 2020 empti,
1561 1977 1694 2017 fructus,
1719 1977 1788 2010 red-

1043 2031 1127 2064 ditus
1151 2037 1181 2064 ct
1205 2034 1385 2075 proventus,
1407 2030 1580 2075 apostoliea
1601 2031 1787 2065 auctoritate

1043 2092 1073 2119 et
1098 2092 1206 2119 tenore
1231 2085 1398 2126 similibus,
1412 2090 1442 2118 et
1463 2090 1627 2129 perpetuo,
1649 2085 1785 2128 unimus,

1043 2140 1237 2184 applicamus
1262 2146 1292 2172 et
1315 2139 1570 2183 appropriamus,
1593 2144 1687 2184 atque
1704 2150 1783 2174 eon-

1043 2194 1184 2227 cedimus
1208 2198 1239 2227 et
1263 2193 1468 2236 assignamus,
1490 2193 1654 2238 ipsamque
1679 2194 1783 2228 ecele-

1042 2249 1119 2281 siam
1150 2249 1430 2283 Litomerieensem
1463 2260 1521 2293 pro
1554 2253 1696 2293 tempore
1720 2249 1785 2282 exi-

1042 2302 1785 2347 stentiarchiepiscopoPragensimetropolitieo

1043 2356 1110 2389 iure
1123 2356 1348 2398 submittimus,
1367 2362 1396 2389 ct
1411 2356 1454 2388 illi
1476 2356 1520 2388 uti
1541 2356 1786 2399 suffraganeam'

1042 2411 1171 2444 subesse
1188 2412 1332 2444 volumus
1350 2417 1379 2444 et
1393 2410 1589 2444 mandamns.
1604 2412 1642 2444 Et
1654 2412 1784 2455 insuper

1078 2493 1088 2518 t
1112 2491 1180 2519 Male
1200 2491 1265 2519 edit.
1286 2491 1366 2518 Main.
1389 2492 1452 2527 legit
1471 2493 1529 2520 und
1549 2494 1585 2525 (n.
1608 2492 1657 2527 τ.).

1077 2538 1092 2564 2
1113 2537 1183 2564 Edit.
1205 2536 1284 2563 illain.
1305 2536 1370 2572 legit
1393 2538 1621 2572 suffrayancum,
1643 2536 1694 2564 nisi
1714 2536 1784 2565 desit

1042 2590 1092 2611 vox
1111 2582 1275 2617 episcopum
1294 2584 1332 2617 (n.
1352 2582 1400 2615 τ.).

1726 141 1769 175 53
1816 152 1866 176 Au.
1885 151 1910 176 C.
1931 150 1998 178 1655
