2263 3215
292 217 335 242 Ἧι.
355 217 382 242 (Σ,
407 217 470 243 1653

311 703 419 722 (Lcntraiia
435 709 465 723 re·

284 728 341 750 tellit.

308 2351 446 2378 Supplicatum

519 208 582 241 2256

484 265 611 307 fragari,
632 265 712 298 etab
734 265 794 298 illis
814 267 985 309 respective
1010 273 1165 312 perpetuo
1184 267 1226 300 in-

485 317 672 350 violabiliter
693 317 864 359 observari,
890 319 996 362 sicque
1022 320 1052 352 in
1079 321 1227 364 praemis-

484 370 525 403 sis
550 381 606 414 per
626 382 841 415 quoscumque
867 371 984 405 iudices
1001 373 1180 406 ordinarios
1197 379 1226 406 et

483 423 654 466 delegatos,
673 424 766 457 ctiam
793 436 957 458 causarum
979 426 1085 469 palatii
1103 431 1226 470 aposto-

482 475 534 509 lici
554 476 723 518 auditores,
741 478 871 511 iudicari
897 483 927 511 et
950 478 1075 511 definiri
1100 479 1225 519 debere,

482 539 518 562 ac
542 528 663 563 irritum
690 534 719 564 et
744 531 855 572 inane,
881 531 905 564 si
936 542 1024 565 secus
1053 542 1147 575 super
1177 531 1225 565 his

482 593 499 614 a
523 593 698 627 quoquam,
724 584 831 628 quavis
857 585 1062 625 auctoritate,
1088 584 1222 618 scienter

482 636 529 668 vel
555 635 747 679 ignoranter,
773 638 941 681 contigerit
965 638 1120 671 attentari.

528 688 542 732 ἓ
567 688 595 721 4.
622 690 691 723 Non
723 689 920 724 obstantibus
953 690 1156 735 praemissis,
1189 701 1224 724 ac

483 742 758 776 constitutionibus
775 748 804 776 et
828 744 1080 777 ordinationibus
1101 750 1224 787 aposto-

482 794 560 835 licis,
585 805 717 837 necnon,
742 802 895 840 quatenus
919 808 999 841 opus
1025 797 1073 839 sit,
1095 808 1224 841 congre-

482 847 615 891 gationis
646 854 676 881 et
707 850 876 883 canonicae
900 850 1103 891 huiusmodi,
1129 851 1222 884 ctiam

483 901 659 936 iuramento
673 930 680 943 ‚
701 903 941 937 confirmatione
966 904 1150 948 apostolica,
1177 905 1223 937 vel

482 955 591 999 quavis
615 955 763 990 firmitate
783 957 843 990 alia
869 958 1036 998 roboratis,
1056 958 1178 991 statutis
1196 962 1225 992 et

483 1009 771 1051 consuetudinibus,
790 1011 964 1054 privilegiis
975 1022 1110 1055 quoque,
1126 1011 1225 1044 indul-

483 1061 521 1094 tis
553 1067 582 1094 et
613 1062 725 1096 litteris
756 1063 938 1107 apostolicis
968 1064 998 1097 in
1029 1064 1222 1098 contrarium

482 1114 729 1158 praemissorum
765 1117 1003 1160 quomodolibet
1038 1117 1194 1151 concessis
1215 1144 1223 1158 ,

482 1167 673 1202 confirmatis
698 1174 728 1202 et
745 1169 912 1210 innovatis3
937 1170 1052 1214 quibus
1078 1170 1224 1204 omnibus

482 1227 512 1254 et
536 1222 677 1265 singulis,
703 1222 828 1256 illorum
854 1228 979 1257 tenores
1004 1224 1224 1268 praesentibus

481 1286 539 1319 pro
564 1276 656 1320 plene
681 1281 711 1309 et
735 1277 926 1311 sufficienter
951 1278 1105 1322 expressis
1121 1289 1157 1312 ac
1185 1278 1223 1310 de

483 1329 579 1362 verbo
603 1329 641 1362 ad
666 1330 796 1363 verbum
828 1331 953 1364 insertis
978 1331 1137 1371 habentos,
1163 1331 1223 1365 illis

481 1382 556 1415 alias
575 1382 604 1415 in
629 1393 685 1416 suo
702 1383 817 1417 robore
841 1384 1068 1428 permansuris,
1080 1385 1117 1417 ad
1135 1395 1223 1428 prae-

481 1435 650 1469 missorum
677 1437 822 1471 effectum
838 1466 845 1480 ,
869 1438 927 1470 hac
954 1438 1019 1471 vice
1052 1438 1222 1479 dumtaxat,

481 1489 659 1532 specialiter
683 1496 713 1522 et
737 1501 883 1534 expresse
908 1490 1117 1534 deroganms3
1144 1496 1222 1525 cete-

480 1543 586 1586 risque
611 1543 777 1577 contrariis
800 1544 1062 1588 quibuscumque.

524 1596 635 1629 Datum
650 1597 777 1637 Romae,
794 1597 876 1641 apud
886 1597 915 1631 S.
926 1597 1054 1631 Mariam
1062 1597 1221 1640 Maiorem,

480 1650 538 1683 sub
572 1651 688 1684 annulo
713 1651 896 1692 piscatoris,
922 1651 971 1685 die
998 1662 1062 1686 xxx
1088 1651 1221 1686 ianuarii

479 1712 619 1744 nncnvn,
643 1703 843 1747 pontificatus
867 1704 967 1738 nostri
992 1714 1075 1738 anno
1100 1715 1131 1738 11.

516 1764 573 1791 Dat.
595 1764 639 1792 die
659 1765 692 1792 30
711 1764 826 1792 ianuarii
846 1766 945 1799 16571,
968 1766 1063 1801 pontif.
1079 1774 1151 1793 anno
1166 1773 1193 1793 11.

790 1907 912 1942 CXLlll.

481 1987 688 2030 Confirmatio
737 1988 853 2020 statuti
892 1988 1032 2030 capituli
1075 1989 1222 2021 ecciesiae

524 2040 746 2081 Buterrensis,
770 2044 806 2073 ul
829 2040 867 2073 de
891 2041 1086 2084 quibusdam
1111 2041 1221 2083 benefi-

525 2094 584 2127 ciis
605 2094 817 2138 provideatur
834 2105 892 2137 per
913 2098 1048 2127 turnum
1070 2095 1112 2127 ad
1126 2105 1221 2138 prae-

524 2148 737 2181 sentationem
749 2148 957 2191 sinqulorum
967 2147 1219 2181 canonicorum?

677 2229 845 2256 Alexander
865 2229 943 2262 Papa
962 2229 1024 2259 vll,

619 2276 653 2301 ad
671 2274 804 2301 futuram
824 2273 868 2300 rei
889 2273 1073 2301 memoriam.

525 2346 540 2389 ἓ
559 2346 588 2378 1.
614 2345 733 2389 Exponi
759 2345 849 2378 nobis
871 2355 971 2389 nuper
991 2346 1132 2378 fecerunt
1149 2345 1221 2378 dile-

481 2398 520 2431 cti
546 2398 601 2431 filii
634 2398 804 2442 capitulum
836 2403 864 2430 et
901 2399 1042 2432 canonici
1072 2398 1221 2432 ecclesiae

480 2452 689 2492 Bitterrensis,
707 2452 790 2496 quod
809 2452 866 2496 ipsi
893 2452 922 2484 in
948 2463 1058 2486 eorum
1083 2452 1220 2496 capitulo

481 2505 621 2548 generali
654 2505 691 2537 dc
716 2515 798 2538 anno
824 2515 926 2538 MDCLV
954 2505 1112 2538 celebrato
1137 2504 1219 2548 capi-

521 2577 527 2601 1
549 2575 618 2601 Edit.
637 2575 717 2602 Maia.
736 2575 767 2601 :ul
786 2584 870 2610 marg.
890 2575 971 2602 habet
992 2575 1067 2602 165⁶
1083 2576 1122 2611 (n.
1137 2576 1182 2609 T-).

517 2621 533 2647 :2
548 2620 584 2647 Ex
600 2619 706 2655 aegest.
724 2620 750 2646 in
771 2620 874 2648 Secret.
894 2619 970 2647 Brev.

1063 221 1242 244 BULLARIUM
1267 221 1418 245 ROMANUM

2011 223 2029 249 A

1262 269 1404 301 tulariter
1440 269 1621 311 congregati
1647 269 1683 301 ad
1709 269 1867 302 evitandas
1892 270 1999 303 tollen-

1261 321 1378 364 dasquc
1406 321 1619 354 contentiones
1645 324 1674 355 'et
1701 322 1873 355 discordias
1889 350 1896 363 ,
1921 333 2000 366 quae

1260 373 1340 407 intcr
1354 374 1437 417 ipsos
1453 374 1630 416 (occasione
1649 374 1823 408 collationis
1838 376 2001 408 nonnullo-

1261 438 1329 459 rum
1356 426 1584 460 beneficiorum
1618 427 1900 461 ecclesiasticorum
1933 429 1999 461 col-

1261 479 1425 512 lativorum
1453 479 1626 513 tenuissimi
1659 480 1798 513 redditus
1830 480 1868 513 ad
1893 491 1946 514 eos
1971 486 2001 514 et

1260 533 1431 576 capitulum
1457 532 1635 566 huiusmodi
1657 534 1867 567 communiter
1884 539 1913 566 et
1931 544 2002 567 con-

1260 585 1400 626 iunctim,
1426 590 1459 618 ut
1484 590 1647 626 asserunt,
1672 586 1867 629 pertinentis,
1893 597 2001 620 occur-

1260 643 1346 670 rente
1370 648 1428 681 pro
1455 643 1595 682 tempore
1616 649 1726 672 eorum
1745 639 1915 681 vacatione,
1931 650 2001 683 pro-

1257 694 1328 733 pter
1345 690 1578 723 multitudinem
1597 691 1648 723 illa
1666 691 1802 724 conferri
1821 691 1880 724 sibi
1898 695 2001 735 peten-

1259 742 1347 782 tium,
1364 741 1550 786 diversaque
1569 743 1708 787 ipsorum
1727 744 1948 787 exponentium
1961 743 2000 776 ad

1259 795 1503 839 competentium
1522 796 1658 830 savorem
1685 797 1859 841 respective
1884 796 1999 840 studia)

1258 848 1359 882 enasci
1385 849 1536 891 solebant,
1554 850 1745 894 abususque,
1763 850 1816 894 qui
1834 849 1945 883 exinde
1962 850 2000 883 ir-

1258 912 1369 945 repere
1393 907 1539 946 poterant
1564 902 1782 943 removendos,
1799 902 1913 936 rationi
1930 913 2001 936 con-

1258 964 1370 987 sonum
1384 954 1613 995 existimarunt,
1631 955 1656 987 si
1673 955 1711 988 de
1728 954 1820 988 dictis
1838 955 2000 988 beneficiis

1259 1007 1354 1040 modo
1378 1006 1552 1051 praemisso
1577 1012 1705 1040 eatenus
1738 1007 1873 1041 conferri
1901 1007 2000 1041 solitis

1258 1060 1289 1092 in
1309 1065 1472 1104 posterum
1494 1060 1654 1104 perpetuis
1674 1060 1788 1093 futuris
1805 1059 2000 1104 temporibus

1258 1118 1443 1147 occurrente
1468 1124 1578 1147 eorum
1603 1113 1784 1155 vacatione,
1809 1113 1933 1146 nonnisi
1962 1112 2000 1146 ad

1257 1167 1541 1209 praesentationem
1558 1167 1700 1200 canonici
1714 1166 1952 1200 hebdomadarii
1969 1167 2000 1200 in

1257 1225 1350 1253 turno
1383 1226 1415 1253 ut
1448 1221 1527 1253 infra
1558 1224 1673 1255 statuto
1706 1221 1866 1254 existentis
1898 1220 2001 1265 dispo-

1256 1280 1398 1314 neretur,

1301 1327 1315 1370 ἓ
1339 1326 1368 1359 ⁶2.
1394 1327 1592 1371 Quapropter
1624 1331 1750 1362 turnum
1781 1326 1997 1360 hebdomada-

1257 1380 1337 1413 rium
1364 1391 1421 1424 pro
1446 1381 1750 1425 praesentationibus
1784 1381 1822 1414 ad
1847 1381 2001 1415 beneficia
2014 1369 2146 1416 illlltlrssfissl.
2190 1379 2195 1422 ’,

1257 1433 1437 1467 huiusmodi
1455 1445 1511 1478 per
1528 1434 1716 1468 canonicum
1733 1434 1833 1468 dictae
1850 1434 2000 1468 ecclesiae
2014 1420 2069 1468 3300

2015 1474 2026 1494 d

1257 1541 1288 1573 in
1312 1541 1451 1584 qualibet
1486 1541 1535 1574 die
1566 1541 1685 1574 sabbati
1711 1541 1790 1574 bora
1815 1541 1906 1574 tertia
1929 1531 2026 1586 postl}

1257 1594 1420 1627 meridiem
1442 1594 1575 1627 stabiliri
1595 1600 1625 1628 et
1642 1605 1698 1639 per
1715 1595 1863 1628 dilectum
1880 1595 1999 1639 pariter

1255 1647 1355 1680 filium
1388 1648 1535 1680 Ioannem
1573 1647 1610 1680 de
1635 1649 1785 1688 Maussac,
1811 1648 1998 1681 modernum

1256 1701 1511 1734 archidiaconum
1543 1702 1696 1735 maiorem
1727 1707 1943 1745 nuncupatum
1969 1707 1999 1735 et

1256 1755 1440 1788 canonicum
1467 1755 1617 1788 ecclesiae
1640 1755 1819 1799 praedictae
1844 1755 1997 1796 inchoari,

1255 1809 1286 1841 in
1307 1808 1436 1852 eiusque
1456 1811 1591 1852 persona
1608 1808 1805 1842 hebdomada
1819 1808 1998 1843 immediate

1255 1862 1395 1905 sequenti
1429 1861 1540 1895 eodem
1579 1862 1629 1895 die
1666 1862 1785 1895 sabbati
1823 1867 1853 1895 et
1887 1862 1996 1896 eadem

1255 1915 1334 1948 hora
1360 1915 1450 1948 tertia
1476 1915 1640 1959 compleri,
1667 1915 1777 1959 perfici
1802 1920 1832 1948 et
1856 1915 1996 1956 absolvi;

1255 1974 1284 2001 et
1309 1969 1483 2001 successive
1501 1974 1627 2001 turnum
1653 1968 1833 2002 huiusmodi
1858 1969 1896 2002 ad
1920 1969 1997 2003 alios

1255 2022 1423 2056 canonicos
1454 2022 1555 2055 dictae
1587 2022 1737 2055 ecclesiae
1769 2022 1799 2055 in
1830 2023 1935 2066 aliquo
1958 2033 1996 2056 ex

1255 2075 1351 2108 sacris
1376 2075 1539 2108 ordinibus
1564 2075 1759 2116 constitutos,
1774 2086 1946 2120 vocemque
1965 2075 1997 2109 in

1255 2129 1392 2172 capitulo
1417 2129 1577 2168 habentes,
1602 2139 1637 2162 ac
1662 2129 1737 2162 alias
1761 2129 1866 2163 debite
1890 2129 1994 2174 quali-

1255 2182 1373 2222 matos,
1398 2182 1467 2215 lieet
1494 2182 1637 2216 absentes
1653 2209 1660 2223 ,
1687 2182 1740 2216 sed
1771 2188 1843 2216 tunc
1869 2193 1927 2226 pro
1953 2183 1997 2216 eis

1254 2246 1364 2269 eorum
1395 2240 1621 2279 procuratores
1656 2246 1710 2268 seu
1742 2235 1874 2269 vicarios
1899 2235 1997 2279 legiti-

1255 2299 1332 2330 mos,
1347 2288 1469 2321 divisim
1491 2288 1529 2321 de
1554 2299 1616 2322 uno
1641 2288 1680 2321 ad
1699 2288 1782 2321 aliud
1808 2288 1892 2321 iuxta
1916 2288 1997 2322 ordi-

1253 2342 1411 2376 nationem
1430 2342 1511 2375 inter
1535 2352 1589 2375 eos
1614 2346 1759 2375 statutam
1785 2342 1834 2374 vel
1858 2345 1995 2375 statuen-

1254 2397 1324 2429 dam
1351 2396 1496 2436 transire,
1517 2406 1553 2429 ac
1574 2395 1667 2429 etiam
1693 2406 1749 2439 per
1773 2405 1827 2428 eos
1851 2394 1997 2428 similiter

1255 2449 1429 2493 compleri,
1461 2449 1571 2493 perfici
1604 2455 1633 2481 et
1669 2448 1807 2488 absolvi;
1832 2453 1996 2492 praeterea

1255 2508 1315 2535 tam
1341 2502 1468 2535 nomina
1493 2508 1522 2535 et
1551 2501 1739 2545 cognomina
1771 2501 1995 2535 canonicorum

1255 2554 1489 2599 praedictorum
1514 2565 1648 2588 numero
1671 2553 1836 2587 duodecim
1862 2553 1996 2587 existen-

1254 2609 1332 2642 tium
1349 2612 1379 2644 et
1398 2608 1568 2653 capitulum
1594 2607 1789 2653 praedictum
1809 2607 1997 2642 constituen—

1256 1486 1360 1520 debite
1384 1488 1598 1531 qualificatum
1616 1498 1674 1532 pro
1693 1493 1835 1532 tempore
1851 1487 2000 1521 faciendis
2013 1474 2197 1554 εέιῗιιὲὗῶἶὲξ
2215 1485 2222 1494 ’“

2033 230 2058 248 n.
2079 223 2106 250 c.
2129 227 2190 258 265⁷

2031 1340 2142 1368 Exponitur
2150 1343 2195 1365 utu·

2087 1421 2135 1443 utbu
2171 1446 2174 1448 v
2190 1430 2197 1435 w
2216 1437 2217 1440 ,

2085 1447 2141 1474 citsp

2028 1526 2108 1556 uterum

2029 1558 2113 1574 icarum.
