2185 3188
59 197 107 225 An.
124 196 152 224 C.
175 196 242 223 1655

87 363 183 385 clausula
197 362 240 384 sub-

61 391 111 412 lata.

130 1108 245 1129 Contrariis

62 1135 157 1161 derogat,

855 191 1041 215 ALEXANDER
1068 190 1109 213 Vll
1135 191 1181 213 FP.

255 241 465 282 emanabant,
490 242 580 276 toties
616 241 648 273 in
679 239 847 284 pristinum
880 244 993 271 statum

256 297 412 330 restitutas
436 306 503 328 esse
528 301 558 327 ct
582 293 712 336 censeri,

300 350 315 393 ἓ
340 350 368 383 7.
394 350 506 393 Sicque
524 354 554 382 et
572 359 633 381 non
657 348 747 381 aliter
766 347 796 379 in
814 346 995 390 praemissis

256 413 314 447 per
331 412 548 446 quoscumque
565 401 684 434 iudices
701 400 879 433 ordinarios
896 403 925 433 et
945 399 996 432 dc-

256 455 396 498 legat0s‚
421 465 456 487 ac
481 455 572 487 etiam
598 453 754 497 quoslibet
786 458 910 485 sanctae
934 453 994 485 Ro-

257 518 367 540 manae
391 507 547 540 Ecclesiae
571 507 696 549 collegii
722 506 855 538 fabricae
874 506 997 549 praesa-

258 565 305 595 tae
330 560 525 600 cardinales,
550 569 671 592 necnon
700 569 865 592 causarum
890 559 995 602 palatii

257 614 420 658 apostolici
446 613 615 654 auditores,
633 619 663 646 et
682 613 808 657 quosvis
824 613 902 646 alios
926 623 997 656 qua-

258 678 392 711 cumque
417 666 602 700 auctoritate
620 672 649 699 et
666 670 818 710 potestate
835 666 998 708 fungentes

258 725 288 754 et
311 721 483 760 functuros,
507 719 629 753 sublata
654 719 698 752 eis
723 725 753 752 et
778 729 888 752 eorum
914 719 999 752 cuili-

258 775 310 807 bet
334 774 442 818 quavis
467 773 556 807 aliter
587 773 744 806 iudicandi
777 778 806 806 et
835 774 995 817 interpre-

259 828 342 861 tandi
364 828 507 860 facultate
531 832 561 860 et
585 827 781 868 auctoritate,
809 827 941 860 iudicari
969 832 997 860 et

258 882 381 915 definiri
406 881 542 922 debere,
563 892 599 914 ac
623 881 748 914 irritum
774 887 805 914 et
829 881 920 914 inane
935 908 942 922 ,
974 881 998 913 si

259 946 349 969 secus
374 946 469 979 super
494 936 541 968 his
566 946 583 968 a
607 945 783 979 quoquam,
812 935 921 979 quavis
945 945 998 968 au-

260 989 413 1031 ctoritate,
437 989 572 1022 scienter
590 988 637 1021 vel
654 988 846 1031 ignoranter,
864 988 1000 1031 contige-

260 1043 301 1076 rit
320 1042 475 1076 attentari.

305 1095 361 1140 58.
375 1097 443 1130 Non
459 1095 655 1129 obstantibus
672 1096 865 1139 praemissis,
881 1106 917 1129 ac
937 1096 1001 1139 qui-

261 1149 367 1183 busvis
410 1148 684 1183 constitutionibus
720 1153 750 1181 et
787 1148 997 1182 ordinationi-

260 1203 319 1237 bus
343 1203 533 1248 apostolicis,
561 1213 684 1236 necnon
709 1202 833 1245 collegii
858 1202 1000 1246 praefati,

261 1258 354 1290 etiam
382 1257 580 1297 iuramento,
605 1255 845 1289 confirmatione
874 1261 1001 1300 aposto-

262 1311 332 1352 lica,
356 1311 405 1343 vel
430 1310 539 1354 quavis
563 1310 623 1342 alia
647 1310 796 1343 firmitate
821 1310 1000 1351 roboratis,

263 1365 385 1397 statutis
421 1369 450 1397 et
488 1364 766 1398 consuetudinibus
785 1391 792 1405 ,
828 1364 1001 1408 privilegiis

264 1428 399 1461 quoque,
421 1417 549 1450 indultis
573 1422 603 1450 et
618 1417 730 1451 litteris
747 1417 928 1461 apostolicis
946 1429 1002 1462 per

265 1470 442 1513 praedictos
468 1476 496 1502 et
521 1470 646 1513 quosvis
662 1471 738 1503 alios
756 1471 912 1504 Romanos
926 1471 1003 1504 Pon-

267 1523 364 1556 tissces
389 1523 480 1555 ctiam
500 1523 756 1566 praedecessores
770 1530 894 1557 nostros
912 1524 944 1556 in
964 1525 1004 1557 fa-

267 1586 372 1609 vorem
394 1576 533 1609 eiusdem
554 1576 699 1618 fabricae,
717 1587 752 1610 ac
769 1577 852 1610 illius
868 1577 1002 1620 collegii,

265 1630 357 1662 etiam
383 1641 440 1673 per
466 1631 544 1663 viam
570 1636 748 1664 contractus
772 1631 875 1672 iurati,
894 1637 923 1664 et
947 1632 1003 1665 sub

264 1683 424 1727 quibusvis
449 1684 618 1717 verborum
644 1685 806 1717 tenoribus
831 1689 860 1718 et
883 1686 1003 1726 formis,

263 1748 298 1770 ac
311 1737 403 1770 etiam
418 1743 504 1770 motu
517 1737 657 1781 proprio⁷
672 1741 750 1771 etex
765 1739 848 1770 certa
863 1738 1003 1779 scientia,

264 1790 363 1834 deque
387 1790 578 1834 apostolicae
608 1791 770 1834 potestatis
795 1791 1002 1834 plenitudine,

265 1843 356 1876 etiam
383 1843 650 1884 consistorialiter,
669 1849 698 1876 et
718 1855 787 1877 cum
803 1844 1003 1888 quibuscum-

264 1906 324 1939 que
350 1896 441 1929 etiam
475 1896 747 1939 derogator-iarum
772 1896 1002 1940 derogatoriis,

264 1950 394 1994 aliisque
425 1950 608 1984 fortioribus
633 1955 662 1983 et
687 1950 819 1984 insolitis
856 1951 1002 1984 clausulis

265 2008 294 2036 et
318 2003 451 2037 decretis
475 2004 567 2036 etiam
594 2003 806 2044 irritantibus,
832 2004 862 2037 in
887 2016 1003 2047 genere

267 2058 313 2091 vel
334 2058 365 2090 in
390 2058 504 2101 specie,
526 2063 555 2091 et
572 2058 646 2091 alias
664 2058 902 2101 quomodolibet
923 2070 1003 2092 ema-

265 2111 355 2152 natis,
373 2112 538 2152 concessis,
564 2122 599 2145 ac
625 2112 715 2146 etiam
741 2112 859 2155 pluries
883 2124 1000 2156 appro-

266 2165 345 2198 batis
369 2170 399 2198 et
423 2165 632 2205 confirmatis,
659 2165 774 2210 quibus
798 2166 946 2199 omnibus
975 2172 1005 2199 et

265 2219 418 2262 singulis,
450 2219 570 2252 etiamsi
603 2230 660 2263 pro
685 2220 851 2253 sufficienti
877 2221 1002 2254 illorum

265 2272 469 2315 derogatione
492 2272 531 2305 de
551 2272 610 2305 illis
638 2284 812 2317 eorumque
832 2274 903 2307 totis
921 2279 1004 2307 teno-

266 2325 354 2358 ribus
378 2326 535 2369 speeialis,
562 2327 718 2370 specifica,
743 2338 898 2371 expressa⁷
924 2329 1003 2361 indi-

269 2379 369 2420 vidua,
389 2390 425 2412 ac
442 2379 479 2412 de
497 2379 592 2413 verbo
609 2380 645 2413 ad
664 2380 804 2421 verbum,
823 2392 884 2414 non
901 2388 1004 2415 autem

268 2442 323 2476 per
349 2432 502 2465 clausulas
532 2434 693 2475 generales
718 2434 799 2467 idem
827 2435 1003 2478 importan—

268 2491 333 2528 tes,
372 2486 490 2519 mentio
519 2497 572 2519 seu
597 2487 723 2530 quaevis
754 2488 813 2520 alia
846 2489 1005 2532 expressio

268 2538 406 2571 facienda
438 2544 490 2572 aut
510 2540 639 2583 quaevis
662 2541 721 2573 alia
746 2541 900 2586 exquisita
916 2548 945 2574 et
963 2542 1006 2575 in-

268 2592 358 2626 solita
382 2594 481 2627 forma
506 2593 544 2627 ad
568 2593 627 2628 boc
652 2595 803 2629 servanda
828 2601 917 2638 esset,
941 2596 1006 2631 illo-

1696 179 1737 212 59
1784 188 1832 215 An.
1856 187 1883 214 a.
1909 187 1974 215 1655

1029 249 1099 271 rum
1128 238 1269 271 omnium
1283 240 1312 271 et
1325 237 1522 280 singulorum
1540 242 1666 269 tenores
1685 246 1772 280 prae-

1030 291 1169 323 sentibus
1184 301 1243 334 pro
1260 291 1351 334 plene
1368 295 1398 322 et
1411 289 1602 323 sufficienter
1616 289 1772 333 expressis

1030 348 1059 378 et
1083 344 1208 377 insertis
1243 344 1440 387 formamque
1474 344 1505 376 in
1541 343 1601 376 illis
1627 342 1773 376 traditam

1030 409 1088 442 pro
1107 399 1230 431 servata
1250 398 1409 437 babentes,
1428 397 1488 430 illis
1509 398 1584 430 alias
1603 397 1633 430 in
1650 408 1706 430 suo
1727 407 1775 430 ro-

1031 453 1108 485 bore
1134 451 1362 496 permansuris,
1387 451 1445 484 bae
1471 452 1547 491 vice,
1573 451 1611 484 ad
1628 450 1775 484 effectum

1030 506 1278 549 praemissorum
1315 506 1500 545 dumtaxat,
1532 505 1710 548 specialiter
1745 510 1775 537 et

1032 570 1190 603 expresse,
1216 565 1313 599 motu,
1338 559 1478 598 scientia,
1500 558 1726 592 deliberatione
1746 563 1776 591 et

1031 613 1193 656 potestatis
1210 612 1403 657 plenitudine
1417 611 1556 656 paribus7
1574 612 1774 655 derogamus,

1032 668 1207 711 ceterisque
1232 666 1399 700 contrariis
1423 666 1686 709 quibuscumque.

1076 720 1144 764 §9
1171 720 1321 753 Volumus
1353 724 1457 752 autem
1494 725 1528 752 ut
1562 719 1775 762 praesentium

1034 774 1259 817 transumptIS,
1286 773 1379 805 etiam
1405 772 1576 816 impressis,
1604 782 1699 804 mann
1724 782 1777 805 no-

1034 827 1104 860 tarii
1129 826 1248 870 publici
1274 826 1468 870 subscriptis,
1493 831 1523 858 et
1547 825 1651 868 sigillo
1672 836 1777 869 perso-

1033 891 1091 913 nae
1117 880 1147 912 in
1173 879 1383 913 ecclesiastica
1407 879 1559 922 dignitate
1590 880 1777 912 constitutae

1036 934 1183 976 munitis⁷
1201 933 1308 967 eadem
1341 944 1472 977 prorsus
1497 933 1574 966 fides
1599 933 1630 965 in
1663 932 1778 965 iudicio

1035 994 1064 1021 et
1088 993 1175 1021 extra
1204 987 1281 1020 illud
1313 987 1520 1029 adhibeatur,
1545 997 1625 1030 quae
1660 986 1778 1019 eisdem

1035 1041 1252 1085 praesentibus
1275 1041 1499 1081 adhiberetur,
1520 1040 1545 1074 si
1570 1040 1672 1073 forent
1696 1039 1780 1073 exbi-

1035 1096 1117 1128 bitae
1144 1096 1191 1128 vel
1216 1100 1367 1128 ostensae.

1079 1149 1190 1182 Datum
1212 1149 1341 1188 Romae,
1370 1147 1453 1192 apud
1481 1147 1509 1180 S.
1536 1146 1663 1180 Mariam
1689 1146 1780 1180 Maio-

1036 1213 1114 1243 rem,
1129 1203 1186 1236 sub
1208 1203 1323 1235 annulo
1337 1201 1515 1241 piscatoris,
1529 1201 1578 1234 (lie
1604 1211 1667 1234 xxx
1684 1211 1779 1244 augu-

1036 1258 1074 1290 sti
1091 1267 1204 1298 MDCLV,
1222 1256 1424 1301 pontificatus
1448 1255 1548 1289 nostri
1567 1265 1650 1288 anno
1671 1265 1689 1287 1.

1828 733 1975 760 Transnmpto-

1792 766 1835 781 rum
1851 760 1910 780 fidos.

1070 1321 1130 1348 Dat¹
1152 1321 1187 1349 30
1206 1320 1313 1356 augusti
1333 1320 1419 1353 1655,
1436 1318 1531 1354 pontif.
1548 1327 1617 1345 anno
1634 1326 1652 1345 1.

1350 1462 1468 1496 XXXII.

1038 1544 1249 1587 Confirmatio
1273 1543 1391 1577 decreti
1414 1542 1601 1577 Innocentz'i
1617 1543 1729 1586 Papae
1748 1541 1779 1576 X

1080 1608 1176 1640 super
1209 1596 1499 1629 administratione
1532 1596 1778 1629 cellerariorum

1081 1649 1340 1693 conyreqationis
1366 1649 1567 1683 cassinensis
1582 1648 1599 1680 ¹.

1230 1728 1398 1756 Alexander
1420 1729 1499 1763 Papa
1519 1728 1582 1761 vn,

1168 1774 1204 1800 ad
1220 1777 1396 1807 perpetuam
1416 1773 1460 1800 rei
1481 1772 1663 1800 memoriam.

1080 1845 1162 1878 Alias
1194 1845 1349 1878 emanavit
1373 1856 1391 1877 a
1416 1845 1514 1877 felicis
1547 1843 1779 1877 recordationis

1037 1899 1218 1932 Innocentio
1243 1899 1326 1942 Papa
1350 1899 1373 1931 X
1398 1898 1641 1942 praedecessore
1670 1903 1779 1931 nostro

1036 1952 1210 1992 decretum,
1231 1952 1281 1985 cui
1307 1951 1449 1992 subinde,
1463 1952 1549 1984 iussu
1575 1951 1673 1995 ipsius
1692 1951 1781 1985 Inno-

1037 2006 1130 2038 centii
1154 2005 1418 2049 praedecessoris,
1439 2016 1455 2037 a
1470 2006 1715 2048 congregatione
1734 2016 1781 2038 ve-

1037 2059 1224 2092 nerabilium
1249 2060 1382 2092 fratrum
1407 2064 1600 2100 nostrorum,
1620 2064 1692 2093 tunc
1712 2070 1781 2092 suo-

1038 2124 1118 2155 rum,
1135 2113 1164 2146 S.
1183 2113 1217 2146 R.
1234 2114 1265 2146 Ε.
1285 2113 1490 2146 cardinalium
1508 2113 1644 2156 negotiis
1663 2119 1694 2146 et
1711 2123 1782 2146 con-

1038 2167 1259 2199 sultationibus
1281 2167 1503 2211 episcoporum
1530 2172 1560 2200 et
1584 2167 1780 2210 regularium

1038 2221 1226 2264 praeposita,
1241 2221 1357 2253 inserta
1374 2221 1431 2254 fuit
1448 2220 1565 2254 additio
1595 2221 1710 2255 tenoris
1727 2220 1781 2264 qui

1038 2274 1189 2317 Sequitur,
1210 2274 1374 2307 videlicet:

1083 2329 1098 2370 ξ
1116 2327 1143 2360 1.
1168 2340 1180 2358 «
1196 2328 1349 2360 Diuturint
1367 2328 1556 2371 experienti
1545 2340 1562 2360 a
1580 2339 1710 2372 compei
1714 2333 1779 2361 tum
1804 2337 1848 2384 n
1852 2343 1887 2358 w
1892 2340 1955 2358 ium
1949 2344 1981 2358 -η

1039 2386 1085 2413 cst
1116 2382 1306 2415 monasteria
1330 2382 1590 2424 Congregationis
1617 2371 1981 2415 cassinen-1101„“inniti

1039 2434 1119 2467 sium
1138 2439 1212 2468 tunc
1230 2446 1271 2467 m
1263 2435 1367 2469 {ximo
1385 2436 1542 2469 bonorum
1559 2436 1782 2480 tempoialium

1851 1856 1979 1877 constitutio

1794 1883 1912 1904 innocentii
1928 1883 1952 1904 X.

1076 2519 1086 2542 1
1105 2516 1182 2543 Circa
1192 2516 1351 2543 electionem
1364 2517 1566 2544 cellerariorum
1579 2517 1658 2544 buius
1669 2525 1781 2552 congre-

1038 2561 1163 2596 gationis,
1179 2562 1237 2596 lege
1252 2561 1285 2588 ad
1299 2562 1389 2588 Const.
1407 2569 1507 2595 cxxvii,
1530 2563 1563 2589 Ιιι
1581 2563 1634 2597 his,
1652 2567 1719 2590 tom.
1735 2570 1780 2596 XV,

1039 2614 1099 2641 pag.
1117 2605 1178 2640 501,
1197 2606 1344 2634 lniiocentii
1360 2605 1389 2632 X.
