2243 3205
321 216 368 244 Αη.
386 217 415 244 C.
439 217 505 244 1660
551 210 613 242 616

338 490 376 509 l'ro
386 490 439 509 buno
450 489 502 513 rugi·

319 522 372 537 mtnu
388 517 489 542 tuugtlat.

518 266 677 299 observari
710 267 924 301 mandavimus
954 275 983 302 et
1016 272 1251 316 praecepimus;

518 325 547 351 et
571 320 656 360 alias,
681 326 775 364 prout
789 322 819 355 in
833 323 948 356 nostris
966 323 1100 368 desuper
1115 325 1206 358 etiam
1223 326 1251 357 in

518 373 617 405 forma
644 374 748 406 Brevis
773 374 822 407 die
843 386 873 408 xl
894 377 1003 420 aprilis
1020 378 1152 411 iincitx1⁴
1172 390 1252 412 ema-

517 426 595 459 natis
620 427 731 460 litteris
756 428 847 462 latius
871 431 1058 465 continetur.

560 479 575 522 ἓ
599 478 627 511 9..
653 479 727 512 Cum
753 485 854 515 autem
881 483 981 525 (sicut
1005 494 1105 528 nuper
1129 485 1251 529 accepi-

516 532 599 575 mus)
625 534 788 566 memorati
813 535 941 568 Carolus
973 537 1010 569 de
1043 538 1197 571 Gamaclie
1223 544 1252 570 et

515 584 664 617 Martinus
681 585 828 630 Grandiu,
850 589 1041 632 superstite5‚
1064 596 1096 623 ut
1111 591 1250 634 praeser-

516 643 575 679 tur,
602 641 863 674 monasteriorum
886 643 1137 687 supradictorum
1155 648 1251 678 recto—

515 701 573 733 res,
592 692 686 725 ternis
697 694 812 733 nostris
825 695 935 728 litteris
947 696 1114 740 praedictis
1130 707 1249 730 morem

513 753 624 785 gerere
641 750 682 776 ita
699 746 902 789 pertinaciter
923 749 1136 781 recusaverint
1156 754 1186 781 et
1207 760 1251 781 re-

514 804 667 838 cusarent,
681 804 715 831 ut
727 800 902 844 prudenter
920 801 1064 835 timeatur
1082 812 1119 834 ne
1133 802 1250 845 gravis-

513 849 591 882 sima
611 852 719 885 exinde
741 853 887 887 universo
912 854 1017 887 Ordini
1038 855 1248 898 praefatarum

513 903 694 936 monialium
706 905 983 939 Carmelitanarum
994 907 1247 940 Excalceatarum

512 956 600 998 regni
625 957 775 991 Franciae
795 958 826 991 in
847 959 1064 1003 spiritualibus
1081 965 1111 992 et
1129 965 1249 1004 tempo-

511 1008 630 1042 ralibus
647 1009 836 1044 detrimenta
853 1018 1094 1056 consequantur,
1120 1023 1155 1046 ac
1179 1024 1250 1057 pro-

512 1060 583 1093 inde
613 1063 756 1106 expediat
787 1064 857 1097 illos
893 1064 931 1097 ab
963 1065 1146 1098 eorumdem
1181 1076 1248 1098 mo-

511 1114 720 1147 nasteriorum
742 1117 896 1160 regimine
923 1123 952 1150 et
978 1117 1248 1152 administratione

512 1168 660 1208 amoveri,
678 1174 717 1211 et,
735 1170 807 1214 quia
824 1176 887 1203 tres
905 1171 961 1204 soli
980 1175 1118 1205 rectores
1140 1172 1247 1205 sedulo

511 1225 541 1253 et
565 1221 741 1265 diligenter,
766 1229 800 1256 ut
823 1235 880 1268 par
904 1230 960 1268 est,
986 1225 1130 1268 regendis
1148 1231 1178 1258 et
1195 1236 1249 1268 gu-

510 1273 678 1307 bernandis
692 1277 852 1319 sexaginta
870 1283 899 1310 et
914 1278 1048 1321 amplius
1065 1279 1246 1311 earumdem

511 1327 693 1361 monialium
705 1331 902 1363 monasteriis
915 1342 972 1375 per
982 1331 1099 1364 dietum
1115 1342 1245 1375 regnum

509 1380 658 1426 dispersis
684 1383 812 1417 minime
837 1385 1004 1427 sufficiunt,
1033 1386 1124 1418 aliani
1149 1397 1243 1430 prae-

509 1434 587 1466 senti
605 1435 702 1468 statu²
718 1439 991 1481 congruentiorem
1016 1440 1178 1482 regiminis
1206 1440 1248 1472 in-

509 1490 593 1523 stitui
608 1491 778 1525 rationem:
797 1493 914 1526 idcirco
928 1503 994 1534 nOS,
1008 1504 1066 1537 pro
1080 1494 1246 1527 commissa

508 1544 598 1577 nobis
624 1545 752 1578 caelitus
775 1547 923 1590 pastorali
952 1547 1162 1580 sollicitudine
1186 1548 1243 1581 de-

508 1599 654 1632 trimenta
671 1600 850 1634 huiusmodi
865 1607 1014 1645 quantum
1029 1602 1120 1635 nobis
1134 1613 1170 1635 ex
1184 1603 1246 1637 alto

509 1653 691 1686 conceditur
714 1660 866 1696 avertere,
882 1666 918 1688 ac
936 1656 1014 1688 felici
1029 1667 1246 1700 prosperoque

509 1706 647 1739 eiusdem
673 1707 806 1750 Ordinis,
833 1709 862 1740 in
884 1720 946 1753 quo
967 1710 1117 1743 moniales
1137 1721 1246 1754 quam-

507 1761 662 1804 plurimae
688 1761 767 1794 vitae
793 1762 968 1804 munditia,
1001 1774 1124 1796 morum
1150 1764 1241 1797 hone-

508 1819 595 1854 state,
610 1814 839 1859 religiosaeque
859 1816 1105 1849 conversationis
1123 1822 1152 1849 et
1170 1818 1245 1850 mul-

508 1866 663 1910 tiplicium
689 1868 838 1901 virtutum
864 1869 1031 1902 decoribus
1060 1875 1189 1903 ornatae
1213 1871 1245 1903 in

508 1919 693 1954 humilitatis
718 1922 828 1965 spiritu
854 1927 924 1956 vota
949 1933 1003 1955 sua
1027 1923 1090 1956 Deo
1113 1924 1245 1957 reddere

508 1974 653 2016 student,
674 1975 843 2017 regimini,
867 1976 1050 2019 progressui
1084 1982 1114 2009 et
1138 1977 1241 2011 incre-

508 2032 614 2061 mento
639 2028 894 2072 propensissimis
918 2035 1067 2073 paternae
1085 2031 1245 2064 charitatis

507 2086 632 2113 nostrae
656 2081 766 2114 studiis
792 2083 955 2115 consulere
981 2084 1150 2127 cupienteS,
1177 2095 1245 2118 nec-

507 2143 570 2166 non
595 2134 827 2178 praedictarum
849 2136 1025 2179 Clementis,
1052 2137 1146 2180 Pauli,
1174 2137 1245 2171 Gre—

507 2187 587 2230 gorii
613 2193 642 2220 ct
666 2188 784 2221 Urbani
818 2190 1117 2233 praedecessorum,
1147 2196 1245 2225 terna-

507 2251 641 2284 rumque
661 2246 850 2283 nostrarum,
880 2248 910 2276 et
935 2243 1065 2276 aliarum
1096 2255 1244 2288 quarum-

507 2294 553 2326 vis
578 2294 752 2328 litterarum
774 2296 1028 2340 apostolicarum,
1056 2299 1244 2332 monasteria

506 2348 665 2392 praedicta
696 2350 807 2393 quovis
840 2350 935 2384 modo
968 2352 1243 2393 concernentium,

507 2406 632 2435 tenores
656 2403 795 2446 etssdatas
821 2404 912 2437 etiam
940 2405 1096 2448 veriores,
1122 2406 1244 2449 aliaque

507 2454 600 2487 etiam
619 2456 785 2499 specialem
800 2461 829 2491 et
845 2457 1036 2491 individuam
1053 2460 1242 2492 mentionem

508 2511 537 2541 et
554 2510 785 2552 expressionem
806 2511 1008 2555 requirentia,
1027 2512 1243 2555 praesentibus

544 2581 555 2606 1
579 2578 668 2605 Potius
687 2579 745 2615 lege
767 2582 834 2609 1660
852 2582 891 2615 (n.
912 2582 960 2615 Τ.).

542 2624 558 2650 2
579 2623 676 2652 Forsan
698 2625 838 2659 legendum
858 2627 948 2653 statui
968 2634 1016 2661 pro
1035 2630 1113 2654 statu
1132 2633 1169 2661 (a.
1194 2629 1241 2662 Τ.).

1102 223 1278 248 BULLMIIUM
1303 224 1455 248 ROMANUM

1286 283 1344 316 pro
1368 273 1458 316 plene
1483 278 1512 306 et
1537 273 1727 307 sufficienter
1751 285 1786 307 ae
1806 275 1844 308 de
1863 276 1958 310 verbo
1983 277 2021 310 ad

1288 325 1417 357 verbum
1437 326 1592 369 expressis
1610 332 1639 359 et
1664 327 1786 360 insertis
1807 328 1965 369 habentes,
1983 329 2021 363 de

1286 378 1539 421 supradictorum
1555 379 1758 413 cardinalium
1770 381 1902 423 negotiis
1913 386 1942 414 et
1952 392 2022 415 con—

1287 431 1567 464 consultationibus
1589 432 1809 476 cpiscoporum
1839 438 1868 466 et
1892 435 2018 477 regula-

1287 483 1366 515 rium
1382 484 1634 528 praepositorum
1653 486 1793 526 consilio,
1813 491 1908 527 motu,
1927 487 2022 520 seien-

1287 536 1338 576 tia,
1364 537 1588 570 deliberatione
1602 543 1631 570 et
1650 539 1810 582 potestatis
1831 539 2022 582 plenitudine

1285 589 1423 631 paribus,
1435 590 1665 633 exemptionem
1682 591 1765 624 dicto
1775 590 1882 624 Ordini
1898 591 2020 635 pridem

1286 651 1464 674 concessam
1494 643 1703 686 approbantes
1728 648 1757 676 et
1782 644 2021 686 confirmantes,

1285 695 1390 727 omnia
1415 701 1444 728 et
1461 695 1583 738 singula
1604 697 1786 729 monialium
1805 697 2022 731 Carmelitana-

1286 758 1354 779 rum
1381 748 1634 781 Excalceatarum
1657 750 1847 782 monasteria
1874 753 1934 784 tarn
1953 751 2021 783 hac-

1285 805 1375 833 tenus
1400 807 1503 835 erecta
1527 813 1619 846 quam
1639 802 1799 846 perpetuis
1819 802 1931 836 suturis
1948 808 2021 837 tem-

1283 854 1422 897 poribus,
1448 855 1651 888 benedicente
1675 856 1824 896 Domino,
1850 856 2020 899 erigenda,

1284 917 1458 951 eorumque
1482 908 1662 951 abbatissas,
1687 909 1853 952 priorissas
1871 914 1901 941 et
1922 909 2021 943 cuius-

1277 961 1328 993 ‘vis
1352 961 1487 994 nominis
1512 962 1746 1005 superiorissas‚
1765 962 1925 1003 moniales,
1945 973 2019 996 eon-

1283 1018 1412 1055 ventus,
1445 1014 1621 1047 visitatores
1636 1042 1643 1056 ,
1668 1020 1825 1056 rectoreS‚
1850 1015 2019 1058 officiales,

1284 1066 1463 1108 ministros,
1499 1068 1669 1101 servientes
1704 1072 1734 1102 et
1761 1068 1836 1101 alias
1868 1079 2019 1112 personas

1282 1130 1506 1164 quascumque,
1524 1131 1645 1154 necnon
1658 1121 1866 1165 proprietates
1884 1126 1914 1154 et
1937 1121 2019 1155 bona

1283 1172 1437 1213 universa,
1452 1173 1579 1205 mobilia
1596 1178 1625 1206 et
1642 1173 1823 1216 immobilia,
1842 1174 2019 1218 praesentia

1282 1231 1311 1258 et
1332 1226 1444 1268 sutura,
1464 1227 1687 1271 cuiuscumque
1712 1228 1879 1271 qualitatis,
1900 1228 2018 1272 quanti-

1282 1280 1361 1321 tatis,
1375 1280 1509 1322 generis,
1524 1280 1637 1323 speciei
1652 1286 1682 1313 et
1701 1286 1830 1314 naturae
1847 1282 2017 1325 existentia,

1282 1343 1316 1366 ac
1341 1334 1531 1377 ubicumque
1556 1334 1593 1366 ad
1618 1335 1670 1367 illa
1695 1335 1805 1378 quovis
1833 1335 1927 1377 modo
1948 1347 2017 1381 spe-

1282 1387 1412 1428 ctantia,
1438 1397 1491 1419 seu
1516 1387 1554 1419 ab
1579 1387 1639 1420 illis
1667 1388 1963 1433 quomodocumque
1988 1395 2019 1423 et

1281 1440 1551 1484 qualitercumque
1575 1441 1791 1484 dependentia,
1815 1442 1853 1475 ab
1879 1443 1963 1475 omni
1989 1448 2018 1476 et

1281 1504 1479 1537 quacumque
1499 1494 1726 1527 venerabilium
1744 1495 1886 1537 fratrum,
1903 1496 2018 1540 prima-

1282 1552 1367 1588 tum,
1396 1547 1708 1591 archiepiscoporum
1734 1553 1764 1581 et
1794 1549 2017 1594 episcoporum

1280 1600 1353 1633 dicti
1379 1601 1477 1644 regni,
1503 1607 1532 1634 et
1556 1601 1688 1637 aliorum
1713 1603 1895 1646 quorumvis
1919 1602 2012 1637 Ordi-

1279 1654 1451 1695 nariorum,
1465 1665 1519 1687 seu
1533 1665 1642 1687 eorum
1658 1655 1822 1688 cuiuslibet
1836 1656 2016 1690 officialium

1280 1714 1309 1743 et
1331 1709 1518 1742 vicariorum
1535 1708 1564 1740 in
1578 1709 1794 1752 spiritualibus
1810 1710 2015 1754 generalium,

1279 1773 1400 1796 necnon
1422 1767 1637 1806 protectorum
1664 1762 1830 1804 Ordinum,
1855 1774 1891 1796 ac
1915 1774 2012 1807 gene-

1280 1816 1391 1849 ralium
1428 1821 1457 1848 ct
1490 1815 1753 1859 provincialium,
1785 1816 1927 1860 priorum
1961 1827 2015 1850 seu

1280 1870 1506 1912 ministrorum,
1533 1869 1730 1913 aliorumque
1754 1870 1967 1914 praelatorum
1986 1876 2016 1904 et

1279 1922 1475 1967 superiorum
1511 1927 1540 1955 et
1575 1922 1706 1955 fratrum
1741 1933 2014 1968 quorumcumque

1278 1976 1402 2010 Ordinis
1419 1976 1530 2009 Beatae
1554 1976 1667 2009 Mariae
1686 1976 1724 2009 de
1745 1976 1847 2009 Monte
1863 1976 2013 2020 Carmelo,

1279 2035 1341 2062 tam
1366 2030 1580 2072 mitigatorum
1605 2039 1658 2062 seu
1680 2029 1825 2074 antiquae
1850 2030 2015 2064 observan-

1279 2084 1348 2127 tiae,
1363 2094 1454 2127 quam
1470 2083 1732 2117 Disealceatorum
1750 2089 2013 2128 nuncupatorum,

1279 2137 1516 2178 iurisdictione,
1560 2136 1756 2176 visitatione,
1797 2136 2013 2178 correctione,

1279 2190 1511 2230 reformatione,
1537 2189 1738 2231 subiectione,
1758 2190 1946 2231 obedientia,
1967 2201 2014 2223 su·

1279 2243 1460 2288 perioritate
1492 2248 1521 2275 et
1557 2243 1741 2276 auctoritate
1778 2242 1874 2286 (salva
1910 2248 2011 2276 tamen

1278 2307 1401 2341 semper
1426 2296 1609 2330 eorumdem
1635 2296 1874 2329 Ordinariorum
1892 2296 2012 2329 iurisdi-

1277 2351 1379 2384 ctione
1404 2351 1435 2383 in
1460 2350 1600 2390 casibus,
1630 2350 1660 2382 in
1685 2350 1798 2393 quibus
1822 2350 1907 2383 iuxta
1931 2349 2010 2383 sacri

1276 2403 1446 2436 Tridentini
1472 2403 1597 2436 decreta
1621 2403 1748 2437 Concilii
1775 2403 1858 2435 illam
1883 2402 1914 2435 in
1938 2413 2007 2436 mo-

1276 2457 1410 2490 nasteria
1436 2456 1634 2500 quantumvis
1659 2461 1812 2500 exempta,
1828 2462 2011 2500 etpraeser-

1277 2511 1331 2543 tim
1353 2512 1435 2544 cirea
1453 2511 1629 2543 clausuram
1654 2510 1842 2553 regularem,
1863 2503 2009 2543 exercere

1276 2565 1429 2609 possunt),
1454 2573 1574 2597 necnon
1600 2573 1616 2596 a
1636 2573 1834 2607 quocumque
1859 2564 1944 2603 cura,
1965 2571 2009 2595 re-

1277 2617 1403 2659 gimine,
1428 2616 1591 2659 gubernio,
1617 2615 1885 2648 administratione
1905 2620 1935 2647 et
1952 2625 2007 2659 po-

2034 230 2080 257 An.
2101 230 2129 258 C.
2150 231 2214 261 1660
2231 246 2235 250 „
