2185 3188
39 151 88 179 An.
105 150 134 178 C.
154 150 220 178 ¹656

830 147 1017 170 AIExANnER
1043 148 1085 169 t'lt
1113 148 1159 170 ΓΡ.

235 196 273 231 tis
299 201 328 230 et
348 196 513 238 innovatis,
532 197 709 240 ceterisque
728 194 895 229 contrariis
912 194 977 239 qui-

233 250 442 294 buscumque.

278 304 390 338 Datum
409 304 527 337 Rornae
545 303 628 348 apud
648 304 677 336 S.
697 303 834 343 Petrum,
853 301 910 334 sub
928 311 977 334 an-

233 358 308 391 nulo
334 357 512 397 piscatoris,
530 357 579 390 dic
599 367 676 391 xxvi
696 355 827 389 ianuarii
849 365 975 395 uncrrl,

233 410 432 455 pontificatus
457 410 557 444 nostri
583 421 666 443 anno
691 420 708 442 1.

269 474 327 501 Dat.
345 473 387 501 die
403 473 437 500 *25
453 473 566 501 ianuarii
587 473 668 507 1656,
687 472 780 508 pontif.
799 480 868 499 anno
885 480 903 499 1.

1667 136 1726 168 1-20
1773 167 1775 169 .

1013 199 1069 235 tes,
1084 200 1113 227 et
1131 195 1224 228 etiam
1244 195 1421 236 instructas,
1442 195 1471 227 in
1495 200 1573 227 statu
1601 199 1629 226 et
1654 193 1756 226 termi-

1011 248 1058 281 nis
1085 248 1116 280 in
1141 247 1255 291 quibus
1283 249 1495 292 reperiuntur,
1518 258 1588 281 curn
1611 247 1757 280 omnibns

1011 306 1040 334 et
1065 301 1197 344 singulis
1212 312 1319 334 earum
1338 301 1557 341 incidentibus,
1579 299 1757 344 dependen-

1011 355 1104 395 tibus,
1122 355 1369 397 emergentibus,
1395 355 1524 387 annexis
1542 361 1569 387 et
1595 353 1755 391 connexis,

1010 414 1138 452 totoque
1164 408 1292 451 negotio
1317 408 1494 452 principali,
1519 408 1558 440 ad
1580 418 1633 439 vos
1651 411 1755 439 aucto-

1009 462 1101 495 ritate
1125 463 1233 494 nostra
1258 471 1399 503 avocare,
1419 461 1549 504 illasque
1571 460 1752 496 summarie,

1009 515 1206 559 simpliciter,
1232 520 1262 548 et
1287 514 1324 547 tle
1350 515 1454 558 plano,
1476 514 1541 547 sine
1567 514 1698 558 strepitu
1725 519 1752 546 et

991 567 1112 610 tfigura
1137 567 1254 607 iudicii,
1273 573 1303 599 et
1328 567 1393 599 sola
1416 567 1485 600 facti
1505 567 1634 599 veritate
1654 566 1753 609 inspe-

1794 153 1820 171 τε.
1840 144 1857 169 t]
1888 146 1893 169 i
1918 144 1952 171 56

545 616 657 649 LXXX·
1010 622 1078 662 cta,
1105 626 1135 653 et
1160 630 1253 653 manu
1280 621 1366 663 regia
1393 620 1512 659 audire,
1538 629 1751 662 cognoscere,

232 699 298 731 Pro
330 696 598 731 eminentissimis
634 701 662 729 et
698 695 974 729 reverendissimis
1009 680 1039 706 et
1058 676 1119 743 *¹⁰¹⁰
1145 673 1260 713 debsto'
1286 679 1378 717 prom
1406 683 1482 706 ἨΓΒ
1509 673 1621 714 ΓΠΘΜ’
1648 678 1753 705 wrm*

275 750 418 784 dominis
449 749 675 783 cardinalibus
708 749 885 793 assumptis
915 759 974 791 pro
1008 737 1101 766 nare’
1407 781 1412 786 ,
1517 780 1522 785 ,
1609 780 1614 785 ,
1692 779 1697 784 ,
1745 778 1750 784 ,

275 804 367 836 sacru
399 803 586 835 visitatione
621 801 798 845 apostolici&
833 801 974 844 facultas
1053 782 1067 825 ἓ
1090 781 1120 840 ,9'
1147 782 1334 840 R'aetffl'ffl’
1360 781 1413 813 ¹¹b¹
1435 784 1630 839 ‚comffngfflf
1659 779 1751 812 amm
1768 791 1953 842 ,1.[;⁸,1'.'1¹.¹'‚³⁵gij]

276 856 433 889 avocandi
457 866 571 888 causas
588 856 751 889 occasione
775 855 974 888 visitationis
1008 835 1096 868 altas*
1116 840 1209 867 emm
1230 845 1287 878 pro
1305 834 1459 868 desumus
1474 833 1683 878 P¹'¹V¹l⁶*g¹s¹¹0>
1697 843 1753 865 5⁰¹¹
1768 845 1858 897 {.ss,¹,‘‚¹,¹jf,¹,e
1888 851 1955 892 ‘¹2:²32

1008 888 1190 932 cappellae,
1215 894 1277 921 tam
1304 898 1454 931 magnum
1480 887 1647 920 missarum
1675 886 1752 919 cele-
1769 898 1878 917 'tr-num
1898 898 1954 918 ceie-

1770 924 1897 944 brumarum
1917 931 1955 944 uu-

273 909 458 953 pendentes,
484 913 538 942 etc.
1533 940 1550 946 ..

1007 942 1200 975 brandarum
1224 952 1392 975 numerum
1419 951 1453 974 ex
1473 951 1568 973 varus
1593 939 1752 973 defuncto·
1768 957 1847 970 „mum
1867 953 1887 971 οι
1908 951 1952 972 ³11³

57 1701 195 1723 Prooemium.

58 2179 154 2201 racanas
163 2187 210 2202 avo-

33 2207 212 2233 eandmudoendi,

33 2235 71 2254 ete.
82 2239 155 2255 causae
165 2240 209 2261 pen-

33 2259 103 2289 dputes
122 2267 159 2287 pro
182 2262 211 2282 vi-

33 2286 135 2308 ulatione.

425 998 591 1025 Alexander
611 998 689 1031 Papa
709 998 775 1031 vll,

230 1055 398 1083 Venerabili
418 1054 506 1082 fratri
522 1056 625 1082 nostro
642 1053 750 1082 Martio
767 1054 905 1088 episcopo
925 1054 972 1081 Al-

265 1100 390 1127 banensi
411 1100 538 1131 Ginetto,
558 1106 675 1127 necnon
696 1098 816 1127 dilectis
833 1098 904 1126 filiis
919 1105 972 1126 no-

265 1144 338 1171 stris
369 1144 506 1172 Ulderico
536 1145 565 1172 S.
595 1143 774 1172 Anastasiae
809 1142 970 1177 carpineo,

266 1188 366 1216 Marco
396 1189 524 1216 Antonio
545 1189 573 1215 S.
596 1189 708 1216 Mariae
729 1189 764 1215 de
785 1188 860 1216 Pace
882 1188 970 1215 Fran·

265 1232 368 1267 cinno,
384 1233 542 1261 francisco
554 1233 665 1266 Auqelo
676 1233 846 1266 Ludovisio,
864 1233 971 1260 Iacobo

265 1278 293 1305 S.
322 1277 434 1306 Mariae
462 1278 700 1311 'transpontinae
730 1278 872 1310 Corrado‚
895 1277 970 1304 Lau-

263 1322 361 1351 rentio
382 1324 410 1350 S.
432 1322 612 1357 Chrysogoni
629 1322 789 1357 Imperiali,
807 1325 838 1350 et
855 1322 970 1349 Giberto

264 1368 310 1395 Ss.
330 1368 453 1396 Ioannis
474 1371 505 1395 et
525 1368 610 1395 Pauli
635 1368 792 1395 titulorum
813 1368 970 1402 presbyte-

264 1414 306 1440 ris
327 1413 354 1440 S.
376 1413 407 1440 R.
429 1413 460 1440 E.
487 1413 691 1440 cardinalibus
721 1414 894 1440 Borromaeo
921 1421 969 1441 re-

264 1458 398 1492 spective
419 1457 613 1492 nuncupatis.

370 1520 556 1548 Venerabilis
585 1520 678 1547 frater
704 1523 827 1554 noster,

423 1573 458 1593 ae
475 1565 579 1593 dilecti
595 1565 650 1592 filii
666 1566 772 1598 nostri,

264 1611 392 1637 salutem
416 1613 447 1637 et
467 1610 663 1643 apostolicam
683 1609 930 1637 benedictionem.

272 1691 309 1725 Ut
340 1691 370 1724 in
402 1690 623 1734 prosequendo
658 1690 843 1723 visitationis
875 1691 986 1723 eccle,

227 1745 345 1779 siarum
371 1749 401 1779 et
425 1745 550 1789 piorum
583 1745 724 1778 locorum
751 1744 844 1777 huius
869 1745 968 1777 alinae

228 1798 320 1833 Urbis
344 1803 469 1832 nostrae
495 1808 635 1840 munere,
655 1798 691 1830 ad
717 1798 802 1841 qnod
827 1809 881 1831 vos
906 1809 964 1831 no-

227 1852 368 1885 minatim
394 1862 430 1885 ex
456 1862 545 1885 sacro
575 1851 803 1884 venerabilium
834 1852 965 1885 fratrum

225 1909 408 1940 nostrorum
434 1906 567 1948 collegio
585 1905 768 1948 delegimus
786 1916 898 1938 causae
919 1916 967 1938 oc—

226 1964 388 1992 currentes
413 1959 499 1992 omni
520 1969 580 2002 qua
608 1958 675 1991 lieri
697 1963 800 2002 potest
823 1958 966 1992 celerita—

226 2018 265 2055 te,
283 2013 402 2047 iustitia
427 2012 592 2053 mediante,
617 2013 836 2053 terminentur,
862 2023 963 2056 quan-

228 2072 292 2099 tum
330 2077 401 2100 cum
438 2065 570 2099 Domino
604 2077 772 2110 possumus
800 2066 966 2110 providere

227 2120 382 2154 volentes:

271 2174 286 2217 ξ
310 2173 339 2206 i.
365 2173 448 2206 Motu
467 2173 607 2217 proprio,
624 2183 658 2206 ac
679 2183 713 2205 ex
734 2174 819 2206 certa
837 2173 966 2206 scicntia

226 2228 345 2267 nostra,
360 2227 458 2266 vobis,
478 2227 558 2259 ultra
578 2227 653 2259 alias
674 2227 835 2260 facultates
852 2238 908 2271 per
925 2227 967 2260 di-

228 2290 333 2314 versas
345 2285 468 2314 nostras
482 2280 511 2313 in
527 2280 620 2313 simili
638 2281 739 2314 forma
754 2280 860 2314 Brevis
877 2292 967 2325 expe-

226 2334 306 2368 ditas
319 2334 440 2368 litteras
454 2333 544 2367 vobis
562 2333 746 2373 attributas⁴‚
765 2340 798 2367 ut
812 2345 920 2368 omnes
937 2340 967 2368 et

226 2387 366 2431 singulas
390 2397 499 2420 causas
524 2387 687 2420 occasione
712 2387 896 2421 visitationis
913 2388 967 2421 hu-

227 2441 359 2474 iusmodi
389 2451 494 2473 coram
520 2440 770 2484 quibuscumque
795 2441 965 2481 iudicibus,

227 2499 287 2526 tam
313 2493 481 2526 ordinariis
511 2503 605 2536 quam
638 2493 806 2536 delegatis,
832 2495 966 2538 penden-

264 2559 272 2583 t
298 2556 366 2582 Edit.
389 2556 467 2583 Main.
489 2556 555 2591 legit
574 2557 713 2583 attributa
734 2558 772 2592 (a.
793 2561 840 2589 Τ.).

311 2611 387 2639 auu.
409 2611 492 2638 Rom.
508 2626 541 2629 —
563 2611 621 2637 Vol.
638 2610 712 2639 XVI.
867 2612 894 2638 17

1007 1005 1077 1028 rum
1103 994 1213 1038 legatis
1235 994 1417 1039 impositum
1444 1004 1533 1033 esse,
1561 998 1592 1026 ut
1619 983 1772 1035 singulisl

1006 1047 1116 1081 diebus
1139 1047 1344 1092 praescriptis
1365 1050 1500 1090 nequeat
1517 1046 1577 1079 illis
1595 1046 1751 1086 satistieri,

1006 1100 1159 1145 quidquid
1184 1101 1283 1143 magis
1309 1100 1346 1132 ad
1372 1100 1425 1133 Dei
1452 1100 1625 1139 honorem,
1655 1099 1752 1131 eccle-

1006 1154 1122 1187 siarum
1149 1155 1326 1194 utilitatem,
1352 1155 1547 1197 salutemque
1573 1153 1749 1186 animarum

1005 1218 1115 1241 eorum
1145 1209 1198 1251 qui
1224 1209 1326 1251 legata
1351 1208 1402 1252 pia
1426 1207 1634 1250 reliquerunt,
1655 1207 1748 1239 etiam

1005 1271 1061 1305 per
1079 1261 1314 1294 translationem
1336 1261 1434 1304 partis
1460 1260 1627 1293 missarum
1646 1260 1751 1292 huius-

1006 1315 1090 1348 modi
1122 1315 1159 1347 ad
1185 1314 1268 1347 aliud
1299 1315 1395 1348 altare
1435 1325 1487 1347 seu
1520 1314 1629 1346 altaria
1655 1314 1748 1346 etium

1004 1378 1066 1401 non
1091 1368 1299 1412 privilegiata,
1321 1367 1461 1400 videritis
1479 1367 1637 1411 expedire,
1656 1378 1688 1400 re
1711 1371 1750 1400 ta-

1005 1433 1075 1455 men
1100 1423 1267 1466 diligenter
1291 1424 1466 1466 perspecta,
1492 1425 1628 1455 statuere
1653 1427 1682 1454 ct
1702 1432 1750 1454 or-

1004 1475 1122 1517 dinare,
1140 1481 1173 1508 ut
1198 1476 1228 1508 in
1246 1475 1364 1508 eisdem
1382 1474 1533 1507 altaribus
1550 1474 1749 1508 commodius

1004 1522 1039 1561 ac
1055 1529 1177 1572 plenius
1198 1529 1268 1573 piae
1292 1529 1512 1561 defunctorum
1532 1528 1684 1561 voluntati
1705 1538 1749 1560 sa-

1004 1582 1108 1622 tisfiat,
1125 1582 1166 1614 ita
1191 1582 1275 1626 quod
1300 1582 1413 1615 missae
1430 1582 1466 1614 ad
1485 1582 1544 1614 alia
1563 1582 1674 1614 altaria
1695 1582 1748 1614 liu-

1004 1636 1149 1678 iusmodi,
1175 1636 1212 1668 ad
1237 1646 1316 1679 qnae
1349 1636 1473 1668 illarum
1500 1635 1746 1668 celebrationem

1003 1689 1244 1729 transtuleritis,
1278 1689 1473 1728 celebratae,
1499 1688 1576 1730 illis,
1595 1699 1652 1732 pro
1678 1689 1747 1732 qui-

1003 1743 1061 1775 bus
1086 1742 1342 1782 celebrabuntur,
1368 1742 1498 1786 perinde
1523 1742 1746 1785 suffragentur,

1002 1807 1037 1830 ac
1073 1797 1096 1829 si
1122 1797 1160 1828 ad
1192 1796 1302 1828 altaria
1338 1796 1557 1839 privilegiata,
1584 1806 1638 1828 seu
1671 1797 1746 1830 alias

1002 1850 1086 1883 iuxta
1114 1849 1298 1883 eorumdem
1325 1849 1545 1882 defunctorum
1573 1850 1747 1883 voluntates

1002 1904 1176 1938 celebratae
1208 1904 1355 1944 fuissent,
1380 1909 1547 1947 ceteraque
1579 1904 1684 1937 omnia
1717 1909 1747 1936 et

1001 1958 1125 2001 singula
1161 1959 1191 1991 in
1222 1958 1403 2002 praemissis
1439 1963 1468 1990 et
1504 1957 1586 1990 circa
1622 1968 1657 1990 ea
1693 1967 1747 1990 ne-

1001 2011 1135 2044 cessaria
1174 2021 1228 2044 seu
1266 2010 1503 2055 quomodolibet
1540 2014 1718 2054 opportuna
1738 2037 1745 2050 ,

1001 2065 1123 2098 etiamsi
1145 2065 1217 2097 talia
1242 2065 1303 2097 sint
1327 2065 1373 2097 vel
1400 2065 1516 2097 fuerint
1540 2075 1619 2108 quae
1646 2064 1746 2107 magis

1001 2119 1167 2163 specialem
1187 2124 1217 2152 et
1234 2129 1414 2162 expressam
1440 2118 1639 2162 requirerent
1663 2128 1747 2151 men-

1001 2174 1129 2215 tionem,
1151 2174 1262 2215 facere,
1283 2174 1409 2215 dicere,
1435 2184 1547 2216 gerere
1580 2178 1610 2205 et
1634 2173 1745 2216 exequi

1001 2228 1098 2261 libere
1123 2233 1153 2260 et
1170 2228 1253 2261 licite
1271 2227 1397 2271 possitis
1421 2232 1450 2260 et
1468 2226 1605 2265 valeatis,
1624 2232 1745 2270 aposto-

1001 2282 1059 2315 lica
1080 2281 1275 2321 auctoritate,
1294 2285 1401 2314 tenore
1434 2279 1658 2324 praesentium,
1684 2280 1744 2323 plc-

1000 2346 1072 2368 nam
1093 2340 1122 2368 et
1139 2335 1274 2379 amplam
1294 2335 1472 2367 facultatem
1495 2333 1696 2366 concedimus
1715 2338 1745 2366 et

1001 2389 1211 2434 impartimur.

1045 2443 1059 2486 g
1084 2441 1113 2475 .’3.
1139 2443 1207 2475 Non
1239 2441 1436 2475 obstantibus
1469 2441 1743 2475 constitutionibus
1773 2449 1945 2475 nonsummu-

1758 2479 1877 2496 trarinruiu.

1001 2501 1029 2529 et
1054 2496 1304 2530 ordinationibus
1321 2496 1510 2539 apostolicis,
1532 2506 1567 2529 ac
1585 2495 1742 2529 dictorum

1000 2549 1220 2582 defunctorum
1245 2549 1338 2582 ctiam
1365 2549 1482 2583 ultimis
1507 2548 1740 2590 voluntatibus⁷

1776 984 1800 997 ria
1821 978 1898 1003 legata.
