2243 3205
17 177 65 205 Au.
81 175 108 203 C.
132 174 198 202 ¹660

810 174 888 199 ALEX
894 173 995 197 ANDER
1022 174 1064 197 Vll
1084 174 1132 198 [Ῥ.

214 221 391 256 Formula¹
407 221 587 256 iuramenti
600 222 642 256 ad
653 223 892 268 praescriptum
906 233 955 255 su-

255 284 396 328 perioris
419 285 532 318 Brevis
555 285 746 330 praestandi
769 296 789 318 a
814 284 958 328 quolibet

259 347 395 381 alumno
419 347 630 392 colleyiorum
653 348 908 393 pontificiorum.

261 437 327 480 Ego
351 437 385 471 N.
411 437 493 470 silius
518 437 552 470 N.
578 436 730 470 dioecesis
754 437 806 477 N.,
831 436 958 480 plenam

217 489 335 523 habens
366 490 497 524 instituti
534 490 628 523 huius
653 490 778 533 collegii
803 489 959 530 notitiam,

218 542 341 586 legibus
373 547 402 575 et
435 543 711 576 constitutionibus
737 542 857 586 ipsius,
883 553 961 587 quas

217 595 303 628 iuxta
331 595 535 639 superiorum
569 595 806 639 explicationem
841 596 960 639 ample-

218 653 296 689 ctor,
309 658 360 681 me
373 653 484 692 sponte
502 648 645 689 subiicio,
663 659 776 692 easque
794 659 853 693 pro
870 659 961 693 posse

218 700 386 734 observare
411 702 571 746 promitto.

263 755 396 799 Insuper
419 755 558 799 spondeo
584 760 613 788 et
630 754 701 788 iuro
722 755 816 799 quod,
834 755 907 788 dum
931 755 962 788 in

220 808 280 842 hoc
304 808 438 851 collegio
463 808 668 853 permanebo,
682 812 712 843 et
736 814 901 853 postquam
924 809 962 841 ab

220 871 257 895 eo
282 871 481 906 quocumque
499 862 604 903 modo,
621 862 686 895 sive
703 862 877 906 completis,
899 862 963 895 sive

220 925 284 948 non
308 915 475 959 completis
499 915 620 955 studiis,
638 915 756 955 exiero,
777 916 894 948 nullam
916 927 963 949 re-

220 967 382 1011 ligionem,
400 968 591 1009 societatem,
609 973 661 1001 aut
685 969 962 1011 congregationem

221 1022 412 1065 regularem,
431 1022 497 1055 sine
517 1022 643 1066 speciali
662 1021 749 1056 Sedis
767 1022 963 1066 Apostolicae

222 1076 349 1110 licentia
368 1076 414 1109 vel
433 1086 540 1109 sacrae
560 1076 816 1119 congregationis
841 1075 878 1109 de
894 1077 965 1109 l'ro-

222 1129 365 1174 paganda
382 1129 468 1171 Fide,
486 1129 657 1172 ingrediar,
682 1140 784 1173 neque
805 1129 835 1162 in
855 1140 962 1162 earum

223 1182 380 1227 aliquam³
396 1183 624 1227 professionem
643 1183 794 1216 emittam.

267 1235 415 1280 Spondeo
432 1237 551 1280 pariter
571 1241 601 1268 et
621 1235 691 1269 iuro
713 1235 808 1280 quod,
842 1236 965 1269 volente

224 1290 313 1322 sacra
334 1289 578 1333 congregatione
595 1289 633 1322 de
654 1289 860 1333 Propaganda
879 1289 965 1332 Fide,

224 1347 338 1375 statum
363 1342 609 1376 ecclesiasticum
644 1343 838 1386 amplectar,
864 1348 893 1375 et
928 1343 966 1375 ad

224 1406 335 1430 omnes
360 1407 467 1429 sacros
503 1396 595 1429 etiam
622 1396 856 1441 presbyteratus
881 1397 966 1429 ordi-

223 1459 290 1491 neS‚
312 1461 383 1483 cum
408 1450 626 1494 superioribus
653 1450 751 1483 risum
778 1450 880 1491 fuerit,
898 1461 968 1494 pro-

225 1504 388 1539 movebor.

270 1557 346 1591 Item
371 1567 469 1591 voveo
490 1562 520 1590 et
540 1557 609 1590 iuro
639 1557 734 1601 quod,
756 1557 820 1591 sive
845 1557 969 1600 religio-

226 1621 298 1646 nem
317 1611 476 1655 ingressus
494 1611 594 1652 fuero,
612 1611 676 1644 sive
690 1611 720 1643 in
741 1616 821 1644 statu
836 1611 969 1644 seculari

226 1676 444 1712 permansero,
463 1665 486 1698 si
505 1665 587 1698 intra
609 1665 686 1699 fines
707 1666 852 1709 Europae
871 1666 969 1705 suero,

227 1720 370 1765 quolibet
401 1729 499 1760 anno,
532 1719 557 1752 si
590 1729 664 1752 vero
698 1725 804 1760 extra,
829 1720 971 1763 quolibet

227 1773 366 1817 biennio,
392 1773 453 1806 mei
479 1773 586 1817 ipsius,
608 1773 732 1817 meique
758 1778 865 1814 status,
883 1784 971 1806 exer-

229 1827 293 1862 citii
320 1833 350 1860 et
373 1827 444 1868 loci,
469 1826 521 1859 ubi
548 1837 668 1860 moram
697 1833 832 1867 traxero,
851 1837 970 1859 sacram

229 1882 505 1926 congregationem
524 1881 561 1914 de
580 1881 783 1926 Propaganda
809 1882 883 1914 Fide
904 1892 972 1914 cer-

229 1936 362 1970 tiorabo.

274 1991 378 2024 Voveo
408 1995 572 2034 praeterea
600 1995 628 2023 et
662 1990 742 2030 iuro,
766 1990 861 2034 quod,
888 1989 974 2023 iussu

229 2044 410 2089 praedictae
436 2043 691 2087 congregationis
708 2043 746 2076 de
767 2043 975 2087 propaganda

231 2098 316 2139 Fide,
334 2098 399 2131 sine
417 2100 505 2131 mora
525 2098 555 2131 in
576 2098 770 2142 provinciam
798 2108 899 2130 meam
928 2108 974 2130 re-

231 2157 357 2192 vertar,
383 2157 416 2185 ut
442 2152 482 2184 ibi
505 2157 657 2195 perpetuo
682 2151 713 2184 in
737 2151 850 2183 divinis
875 2151 975 2183 admi·

232 2205 403 2238 nistrandis
421 2204 561 2238 laborem
589 2215 692 2237 meum
716 2215 752 2238 ac
769 2215 897 2248 operam
918 2215 977 2248 pro

233 2259 332 2293 salute
356 2259 532 2292 animarum
560 2258 749 2302 impendam,
775 2258 858 2302 quod
884 2258 976 2290 etiam

233 2312 410 2358 praestabo,
432 2312 456 2344 si
472 2323 541 2344 cum
556 2311 733 2356 praedictae
747 2311 835 2344 Sedis
852 2311 978 2343 licentia

233 2366 431 2410 religionem,
458 2366 657 2405 societatem,
682 2370 734 2397 aut
759 2364 978 2408 congregatio-

269 2456 283 2482 1
297 2455 372 2482 Hanc
387 2454 529 2481 formulam
546 2453 689 2480 iuramenti
701 2454 831 2480 sumimus
843 2461 873 2480 ex
890 2453 979 2488 priore

235 2500 390 2535 praedictae
414 2499 526 2526 Constit.
552 2499 711 2526 recensione
736 2498 808 2534 apud
828 2498 907 2525 Main.
928 2499 979 2525 sub

235 2552 311 2572 num.
332 2550 401 2578 ecel,
422 2552 504 2579 quam
524 2551 604 2579 supra
620 2543 760 2570 omisimus
774 2544 815 2577 (a.
828 2549 875 2575 τ.).

271 2589 287 2616 2
307 2589 407 2619 Forsan
424 2589 526 2624 aliqua
544 2587 687 2624 legendum
705 2591 733 2615 ut
747 2587 815 2615 infra
831 2591 867 2622 (n.
884 2591 932 2620 T.).

1637 164 1695 198 591

988 232 1060 255 nem
1079 222 1257 264 regularem
1283 223 1444 266 ingressus
1464 223 1565 263 suero,
1585 227 1614 255 et
1635 221 1667 254 in
1685 232 1734 254 ea-

990 286 1060 308 rum
1086 275 1190 318 aliqua
1216 276 1442 319 professionem
1469 275 1613 308 emisero.

1035 327 1174 371 Denique
1199 338 1297 362 voveo
1322 334 1351 361 et
1373 329 1442 362 iuro
1463 339 1512 361 me
1534 327 1732 372 praedictum

992 381 1202 415 iuramentum
1233 382 1362 426 eiusque
1394 382 1620 425 obligationem
1649 381 1736 414 intel-

992 435 1091 478 ligere
1121 439 1150 467 ct
1178 434 1417 468 observaturum
1445 435 1529 468 iuxta
1554 434 1737 468 declaratio-

993 498 1048 521 nes
1072 488 1166 521 factas
1190 498 1207 520 a
1228 490 1317 521 sacra
1338 488 1586 531 congregatione
1604 487 1642 521 de
1659 488 1736 520 Pro-

994 541 1135 585 paganda
1149 540 1223 574 Fide
1238 546 1268 573 et
1280 541 1369 574 Brevi
1382 541 1557 585 apostolico
1572 541 1737 574 roboratas

995 595 1051 627 sub
1065 595 1115 628 die
1132 605 1173 628 xx
1192 594 1256 627 iulii
1276 605 1389 628 imch.
1415 595 1465 628 Sic
1488 605 1536 627 me
1554 595 1634 627 Deus
1651 594 1737 627 adiu-

995 654 1044 682 vet
1067 654 1097 682 et
1121 648 1198 682 hacc
1223 653 1328 681 sancta
1349 648 1402 681 Dei
1428 648 1603 691 Evangelia.

1303 825 1418 859 CCCVI.

998 916 1209 958 Confirmatio
1234 914 1453 960 quorumdam
1486 915 1741 959 privileyiorum

1040 979 1060 1001 α
1084 968 1219 1001 diversis
1244 969 1402 1002 Romanis
1428 968 1646 1010 Pontificibus
1671 979 1740 1001 con-

1041 1021 1165 1054 sulibus
1190 1026 1218 1054 et
1244 1022 1470 1054 communitati
1496 1022 1636 1054 civitatis
1664 1021 1741 1056 Car-

1038 1075 1294 1118 penctoratensis
1315 1085 1411 1119 super
1431 1074 1603 1114 nundinis,
1625 1085 1741 1107 merca-

1044 1128 1139 1169 tibus,
1164 1128 1348 1171 coqnitione
1378 1127 1598 1171 quarumdam
1629 1137 1741 1160 causat⁴

1042 1192 1127 1221 rum,
1152 1182 1376 1225 faciendisque
1393 1181 1651 1225 proclamatibus
1686 1191 1743 1214 seu

1043 1235 1262 1268 bannimentz's
1277 1235 1479 1279 poenalibus,
1500 1245 1623 1268 necnon
1637 1235 1743 1278 infeu-

1045 1288 1176 1321 datione
1221 1288 1393 1321 cuiusdam
1431 1288 1530 1321 castri
1573 1288 1744 1332 respective

1045 1353 1264 1376 concessorum
1276 1343 1294 1375 ¹.

1194 1432 1363 1460 Alexander
1383 1433 1463 1466 Papa
1482 1432 1547 1463 vn.

1122 1480 1158 1505 ad
1180 1481 1356 1512 perpetuam
1375 1477 1420 1504 rei
1441 1477 1622 1505 memoriam.

1046 1557 1220 1592 Constantis
1253 1558 1324 1591 fidei
1350 1563 1379 1591 et
1404 1558 1544 1591 sincerae
1570 1556 1746 1591 devotionis

1003 1611 1155 1652 affectus,
1186 1622 1278 1656 quem
1312 1611 1416 1645 dilecti
1453 1611 1508 1644 filii
1542 1611 1685 1644 consules
1717 1615 1747 1643 et

1003 1665 1213 1698 communitas
1238 1664 1370 1697 civitatis
1395 1670 1521 1697 nostrae
1553 1664 1744 1708 Carpencto-

1005 1719 1136 1752 ratensis
1164 1730 1239 1762 erga
1268 1730 1324 1752 nos
1350 1725 1379 1751 et
1402 1719 1513 1753 Sedem
1536 1719 1749 1762 Apostolicam

1005 1783 1116 1817 gerere
1141 1773 1401 1817 comprobantur,
1414 1783 1471 1805 nos
1489 1772 1617 1812 inducit,
1632 1776 1665 1806 ut
1687 1772 1749 1814 illa,

1006 1837 1085 1871 quae
1110 1827 1185 1870 ipsis
1210 1837 1226 1859 a
1252 1826 1400 1859 Romanis
1426 1826 1628 1859 Pontificibus
1660 1836 1750 1870 prae-

1006 1881 1224 1914 decessoribus
1247 1880 1363 1913 nostris
1381 1891 1439 1924 pro
1454 1890 1563 1913 eorum
1582 1879 1750 1913 commodo

1007 1935 1171 1979 dictaeque
1189 1934 1424 1968 communitatis
1444 1939 1631 1967 ornamento
1649 1938 1679 1967 et
1699 1933 1750 1966 de-

1008 2000 1082 2022 core
1102 1999 1251 2022 concessa
1268 1989 1404 2028 fuerunt,
1423 1988 1615 2032 apostolicae
1640 1987 1751 2021 confir-

1008 2043 1155 2076 mationis
1172 2048 1297 2076 nostrae
1313 2042 1471 2086 praesidio
1489 2042 1686 2075 roboremus.

1054 2097 1068 2141 ἓ
1093 2097 1122 2129 ’1.
1138 2097 1257 2140 Exponi
1274 2096 1363 2129 nobis
1380 2106 1482 2140 nuper
1499 2096 1640 2128 fecerunt
1657 2095 1750 2128 iidem

1010 2151 1154 2183 consules
1179 2156 1209 2183 et
1233 2150 1452 2189 communitas,
1474 2149 1557 2193 quod
1576 2149 1693 2182 dudum
1714 2149 1752 2181 se-

1010 2204 1077 2237 licis
1096 2203 1324 2236 recordationis
1346 2203 1489 2237 Clemens
1508 2203 1588 2247 Papa
1607 2203 1656 2235 Vll
1676 2202 1752 2247 ipsis

1011 2257 1192 2291 consulibus
1218 2262 1248 2289 et
1272 2257 1501 2297 communitati,
1530 2262 1564 2289 ut
1598 2256 1753 2289 nundinas

1011 2311 1049 2343 ab
1071 2310 1156 2343 omni
1183 2310 1316 2353 gabella,
1342 2310 1436 2351 datio,
1462 2310 1633 2351 exactione,
1652 2309 1752 2354 peda-

995 2365 1063 2407 ¹gio
1088 2370 1117 2397 et
1142 2374 1238 2398 onere
1262 2364 1377 2397 liberas
1402 2368 1431 2397 et
1456 2370 1634 2408 exemptas,
1659 2369 1755 2409 prout

1013 2418 1042 2450 in
1067 2418 1135 2451 aliis
1161 2418 1337 2451 civitatibus
1371 2422 1399 2452 et
1424 2418 1500 2451 locis
1526 2418 1650 2451 illarum
1682 2429 1754 2463 par-

1013 2472 1089 2505 tium
1115 2471 1374 2512 celebrabantur,
1399 2471 1555 2506 celebrari
1581 2472 1693 2514 facere,
1719 2482 1755 2506 ac

1013 2525 1092 2558 duos
1117 2529 1309 2558 mercatores
1329 2525 1446 2569 probos
1471 2536 1506 2559 ac
1527 2525 1557 2558 in
1582 2530 1649 2559 arte
1674 2526 1755 2569 peri-

1048 2588 1059 2614 1
1081 2588 1115 2614 Ex
1135 2588 1240 2622 chcst.
1259 2588 1283 2614 in
1301 2588 1402 2614 Sec-ret.
1425 2589 1505 2615 lli-er.

1747 173 1796 200 An.
1819 173 1845 199 C.
1866 175 1931 201 ῙῦὖΟ

1787 1569 1874 1590 Motu-a.

1793 2103 1908 2130 Expositio.
