2243 3205
32 235 82 263 An.
102 234 131 261 C.
153 233 216 261 166¹

54 401 121 423 irritat
131 401 215 421 electiv-

35 435 79 450 nem
94 428 119 449 de
135 434 175 454 qua
195 434 214 448 in

34 455 124 477 rubrica.

108 1305 130 1327 tn
167 1311 218 1326 casu

36 1334 214 1355 conti-aventionis

45 1360 209 1382 excommunica·

37 1387 92 1408 tione
103 1387 183 1413 puniat.

822 233 1006 258 ALExANDER
1030 233 1075 258 VII
1099 234 1147 258 PP.

230 281 371 316 navatur¹
387 281 518 315 materia
532 281 780 322 contentionum,
794 282 876 314 unde
890 282 969 326 ipsa-

230 347 300 369 rum
315 336 499 370 monialium
515 336 664 379 religiosa
677 335 887 379 tranquillitas
901 346 971 379 per-

231 389 384 432 turbetur,
412 389 543 433 aliisque
562 388 652 422 iustis
677 394 707 422 et
731 389 970 422 rationabilibus

229 453 266 476 ex
291 443 392 477 causis
417 443 507 476 nobis
532 443 614 476 notis
638 443 774 483 adducti,
794 449 879 476 motu
899 454 970 487 pro-

229 496 311 539 prio,
335 507 371 530 ac
396 507 432 530 ex
454 497 539 529 certa
565 496 697 529 scientia
721 501 751 528 et
775 498 898 529 matura
922 496 971 529 de-

228 549 413 583 liberatione
454 550 592 592 nostris,
635 550 736 594 deque
779 550 971 594 apostolicae

227 603 388 646 potestatis
423 603 640 653 plenitudine,
672 604 856 637 electionem
897 604 970 637 dicti

228 654 411 697 Margarithi
446 654 477 687 in
514 654 640 687 tertium
674 660 830 688 rectorem
857 660 886 688 et
911 655 971 688 ad-

229 707 475 741 ministratorem
510 707 723 751 praefatorum
757 708 968 741 monasterio-

229 771 300 794 rum
326 771 342 793 a
368 761 550 794 memoratis
575 761 686 795 Carolo
703 761 742 794 de
762 761 919 795 Gamaclie
943 767 973 795 et

229 814 361 847 Martino
397 814 536 848 Grandiu
572 825 694 848 necnon
730 815 870 848 eiusdem
909 816 971 849 ele-

230 868 342 901 ctionis
360 868 634 902 confirmationem
660 879 677 901 a
701 869 841 913 praefato
856 869 973 903 vicario

229 921 391 964 generali,
425 921 505 955 sicut
534 921 767 965 praemittitur,
800 922 973 966 respective

229 974 336 1015 factas,
357 985 429 1008 cum
456 974 527 1007 inde
552 975 691 1018 sequutis
708 975 972 1019 quibuscumque,

231 1034 340 1062 tenore
364 1029 577 1073 praesentium
604 1039 785 1069 cassamus,
813 1029 974 1063 irritamus

231 1087 261 1115 et
271 1082 481 1123 annullamus,
490 1082 673 1126 viribusque
683 1088 713 1115 et
724 1082 835 1115 effectu
847 1083 972 1126 penitus

231 1140 261 1168 et
278 1135 407 1168 omnino
424 1145 603 1177 vacuamus,
621 1145 657 1168 ac
678 1145 791 1177 cassas,
814 1135 919 1168 irritas
945 1140 975 1168 et

230 1188 343 1229 nullas,
366 1188 549 1232 viribusque
575 1193 604 1221 et
629 1188 742 1222 effectu
766 1199 880 1222 vacuas
905 1199 974 1222 esse

232 1249 262 1275 et
286 1247 441 1286 perpetuo
467 1243 532 1275 fore
557 1240 757 1275 decernimus
782 1248 813 1275 et
837 1243 976 1276 declara-

233 1306 314 1329 mus.
334 1296 480 1329 Districte
501 1295 680 1328 inhibentes
705 1296 847 1340 praefato
872 1296 975 1330 Caelio

233 1349 472 1393 archiepiscopo
505 1349 620 1382 nuncio
651 1359 690 1382 ne
722 1349 795 1382 dicti
824 1349 975 1392 Margari-

232 1403 278 1436 thi
303 1402 489 1436 electionem
516 1402 697 1436 huiusmodi
727 1402 903 1443 confirmet,
929 1403 976 1435 ul-

232 1455 350 1489 lumve'
363 1455 499 1499 desuper
512 1466 701 1489 consensum
717 1460 863 1499 praestet,
878 1456 976 1489 omni-

232 1508 293 1542 bus
306 1519 380 1542 vero
398 1514 428 1542 et
445 1509 576 1552 singulis
591 1509 780 1542 monialibus
794 1509 976 1553 praedictis,

233 1572 406 1606 earumque
415 1562 574 1606 priorissis
584 1568 613 1595 et
626 1562 841 1606 superiorissis
853 1562 978 1606 quibus-

233 1615 327 1655 libet,
352 1625 391 1648 ne
411 1615 513 1659 ipsum
546 1615 771 1658 Margarithum
806 1615 836 1647 in
867 1625 975 1648 earum

233 1673 391 1701 rectorem
417 1674 447 1701 et
475 1668 761 1702 administratorem
795 1679 849 1701 seu
882 1679 976 1712 supe-

233 1721 351 1755 riorem
376 1722 532 1754 ullatenus
556 1722 720 1754 admittant
741 1732 795 1755 seu
824 1732 975 1765 recogno-

235 1780 332 1816 scant,
352 1775 488 1807 ullamve
513 1775 539 1807 ei
564 1780 724 1818 tamquam
749 1775 801 1807 tali
828 1775 977 1808 obedien-

236 1828 310 1861 tiam
325 1828 373 1861 vel
388 1828 595 1861 reverentiam
612 1827 789 1867 exhibeant,
800 1828 858 1871 ipsi
874 1834 977 1861 autem

235 1881 437 1924 Margaritlio,
463 1881 520 1914 sub
541 1880 878 1914 excommunicationis
899 1881 978 1914 latae

237 1934 409 1967 sententiae
435 1935 536 1978 poena
553 1944 610 1978 per
627 1944 698 1967 eum
729 1934 759 1966 in
785 1944 890 1967 casum
910 1945 980 1968 con-

237 1987 441 2021 traventionis
470 1988 537 2031 ipso
569 1988 650 2020 sacto
683 1987 882 2028 incurrendd,
908 1998 980 2031 apo-

238 2041 347 2075 stolica
372 2041 558 2074 auctoritate
575 2041 806 2085 praecipientes
824 2046 854 2074 ct
874 2042 981 2085 prohi-

238 2094 348 2128 bentes
379 2105 418 2127 ne
451 2094 481 2127 in
507 2094 799 2136 administratione,
826 2095 980 2138 regimine

237 2153 269 2181 et
289 2148 444 2191 gubernio
464 2148 677 2192 praefatarum
704 2149 980 2190 monasteriorum,

235 2207 293 2235 ‘aut
317 2202 448 2235 alicuius
474 2202 612 2242 illorum,
637 2211 705 2234 sese
730 2202 908 2235 immiscere
927 2213 981 2235 seu

240 2255 396 2299 ingerere,
414 2260 466 2288 aut
491 2255 534 2287 uti
560 2260 716 2288 rectorem
737 2260 767 2288 et
788 2255 983 2288 administra-

241 2315 342 2343 torem
361 2309 627 2342 monasteriorum
648 2309 842 2350 huiusmodi,
861 2320 915 2342 seu
932 2310 983 2342 ali-

241 2362 330 2396 cuius
355 2372 486 2402 eorum,
511 2361 637 2405 publice
663 2362 709 2394 vel
735 2361 891 2405 privatim,
920 2367 982 2394 tam

243 2415 433 2449 coniunctim
457 2425 549 2459 quam
575 2414 709 2456 divisim,
735 2425 767 2448 se
792 2425 902 2458 gerere
921 2415 985 2448 ullo

243 2468 337 2502 modo
362 2468 475 2501 audeat
500 2468 547 2500 vel
580 2473 769 2512 praesumat.
803 2468 986 2509 Praeterea,

244 2532 398 2566 prospero
430 2521 576 2565 felicique
607 2520 791 2554 eorumdem
824 2525 986 2556 monaste-

280 2594 291 2620 1
317 2593 386 2628 Lege
405 2601 441 2619 ne
461 2601 563 2627 qua
576 2595 715 2621 nascatur
733 2596 772 2627 (n.
787 2594 836 2626 Τ.).

279 2637 294 2663 2
316 2637 386 2665 Edit.
402 2637 480 2665 Main.
500 2637 564 2672 legit
578 2637 703 2665 ullamve
717 2638 754 2673 (n.
772 2637 821 2672 72).

1003 282 1123 316 riorum
1162 283 1307 326 regimini
1342 289 1371 318 et
1402 284 1557 328 gubernio
1592 290 1744 329 quantum

1002 337 1094 370 nobis
1117 347 1152 370 ex
1170 338 1233 371 alto
1251 339 1436 372 conceditur
1453 339 1620 383 providere
1638 339 1745 372 volen-

1004 394 1059 429 tes,
1078 400 1114 422 ac
1128 389 1166 423 de
1180 390 1284 423 dilecti
1302 391 1357 423 filii
1376 392 1484 424 Renati
1499 392 1641 425 Atmeras
1659 401 1747 435 prac-

1003 443 1108 486 positi-
1125 444 1281 486 generalis
1307 444 1567 488 Congregationis
1586 445 1747 490 presbytc-

1005 507 1111 529 rorum
1138 497 1328 530 secularium
1358 498 1513 531 Missionis
1545 503 1744 542 nuncupato-

1004 560 1074 582 rum
1101 550 1264 591 charitate,
1289 551 1466 595 prudentia,
1491 552 1685 594 dexteritate,
1704 553 1748 584 in-

1004 603 1124 638 dustria
1158 609 1188 637 et
1223 604 1436 648 experientia,
1462 606 1748 650 temporaliumque

1005 657 1305 701 circumspectione,
1326 663 1355 690 et
1380 658 1542 701 religionis
1568 660 1633 692 zelo
1657 659 1748 702 plene

1005 711 1036 742 in
1061 711 1194 744 Domino
1220 711 1512 751 contisi,eumdem
1539 713 1691 746 chatum
1719 713 1749 745 in

1006 764 1132 797 tertium
1165 768 1321 798 rectorem
1358 765 1646 799 administratorem
1686 777 1750 799 me-

1006 823 1202 851 moratorum
1224 819 1490 852 monasteriorum
1514 819 1696 852 monialium
1720 820 1749 852 in

1006 872 1109 905 locum
1125 871 1277 916 praedicti
1290 871 1392 905 Iacobi
1411 872 1557 912 defuncti,
1569 883 1639 905 cum
1655 873 1751 906 omni-

1007 924 1064 957 bus
1090 930 1119 957 et
1144 925 1275 968 singulis
1310 925 1510 958 facultatibus
1535 932 1614 969 quae
1640 926 1750 958 simili-

1007 978 1066 1010 bus
1093 978 1269 1011 rectoribus
1295 983 1323 1011 et
1348 978 1657 1012 administratoribus
1678 989 1694 1011 a
1711 979 1752 1011 se-

1008 1031 1076 1064 licis
1113 1031 1340 1065 recordationis
1369 1024 1534 1065 *Clemente
1568 1033 1649 1076 Papa
1687 1033 1751 1065 VIII

1007 1085 1251 1128 praedecessore
1284 1091 1392 1119 nostro
1418 1096 1475 1129 per
1500 1096 1570 1118 suas
1595 1096 1676 1118 anno
1701 1086 1751 1118 In-

1009 1138 1199 1171 carnationis
1223 1139 1404 1185 Dominicae
1429 1149 1539 1179 mucul,
1568 1139 1671 1172 idibus
1695 1149 1752 1172 no-

1009 1192 1157 1232 vembris,
1178 1203 1271 1237 super
1296 1193 1454 1227 erectione
1478 1194 1571 1237 primi
1598 1194 1629 1226 in
1654 1204 1753 1237 regno

1009 1245 1159 1279 Franciae
1184 1247 1345 1290 praedicto
1364 1252 1611 1280 memoratarum
1636 1247 1754 1280 monia-

1009 1299 1085 1331 lium
1111 1299 1391 1333 Carmelitanarum
1413 1301 1669 1334 Excalceatarum
1688 1312 1754 1334 mo-

1009 1352 1137 1385 nasterii
1163 1352 1220 1385 sub
1250 1353 1383 1396 plumbo
1417 1353 1576 1397 expeditas
1610 1354 1753 1394 litteras,

1010 1415 1142 1448 quarum
1168 1411 1311 1439 tenorem
1338 1406 1555 1450 praesentibus
1578 1417 1637 1450 pro
1662 1407 1754 1450 pleno

1010 1464 1040 1491 et
1065 1459 1258 1492 sufficienter
1283 1469 1431 1503 expresso
1456 1459 1566 1492 haberi
1593 1460 1754 1500 volumus,

1011 1522 1179 1545 concessae
1199 1513 1326 1545 suerunt
1344 1513 1441 1556 (salva
1458 1519 1562 1546 tamen
1583 1514 1755 1557 subsequu-

1011 1570 1114 1597 tarum
1141 1565 1316 1598 litterarum
1343 1566 1598 1610 apostolicarum,
1617 1572 1647 1599 et
1664 1578 1751 1610 prae-

1012 1617 1103 1661 cipue
1128 1623 1307 1651 nostrarum
1339 1619 1369 1650 in
1402 1619 1496 1652 simili
1521 1619 1623 1652 forma
1649 1620 1755 1652 Brevis

1013 1670 1062 1703 die
1087 1681 1110 1704 11
1135 1671 1274 1704 octobris
1299 1681 1416 1705 mccclx
1438 1677 1468 1704 et
1496 1672 1545 1704 die
1571 1682 1627 1705 x111
1653 1672 1756 1705 ianua-

1013 1723 1049 1755 rii
1077 1724 1221 1767 proxime
1242 1724 1404 1768 praeteriti
1422 1735 1516 1768 super
1533 1726 1756 1758 controversiis

1014 1777 1095 1809 inter
1120 1777 1295 1811 visitatores
1328 1788 1364 1810 ac
1394 1783 1533 1811 rectores
1564 1784 1593 1811 et
1617 1779 1753 1811 admini-

1013 1834 1163 1863 stratores
1188 1831 1372 1863 eorumdem
1399 1832 1664 1865 monasteriorum
1688 1843 1756 1864 ver-

1014 1884 1150 1916 tentibus
1176 1885 1348 1927 respective
1374 1891 1589 1918 emanaturum
1607 1886 1638 1918 in
1655 1886 1757 1918 omni-

1013 1936 1071 1970 bus
1096 1942 1125 1969 et
1156 1947 1212 1980 per
1245 1938 1351 1970 omnia
1375 1938 1618 1982 dispositione),
1651 1944 1756 1981 motu,

1014 1990 1155 2030 scientia,
1173 1990 1400 2025 deliberatione
1422 1997 1451 2024 et
1476 1993 1637 2035 potestatis
1661 1993 1758 2036 pleni-

1015 2043 1121 2076 tudine
1134 2044 1262 2087 paribus
1277 2045 1497 2078 constituimus
1515 2050 1545 2078 et
1560 2045 1757 2090 deputamus.

1016 2097 1060 2129 Ad
1086 2097 1163 2130 haec
1187 2098 1303 2130 nullam
1331 2099 1512 2139 monialem,
1533 2110 1613 2143 quae
1638 2100 1759 2143 praesa-

1017 2150 1054 2184 tis
1079 2151 1194 2184 nostris
1220 2152 1251 2184 in
1276 2152 1378 2185 forma
1395 2153 1500 2186 Brevis
1525 2153 1636 2186 litteris
1655 2154 1759 2187 inobe-

1016 2204 1104 2237 diens
1137 2205 1175 2238 sit
1199 2205 1247 2238 vel
1278 2205 1393 2247 suerit,
1421 2206 1451 2238 in
1486 2207 1671 2250 priorissam
1705 2218 1759 2240 seu

1017 2257 1146 2290 atterius
1163 2258 1300 2291 nominis
1317 2259 1559 2302 superiorissam
1586 2260 1761 2293 cuiuscum-

1018 2320 1079 2353 que
1097 2320 1132 2343 ex
1157 2311 1304 2354 praefatis
1331 2313 1528 2345 monasteriis
1553 2313 1626 2356 eligi
1644 2323 1699 2346 seu
1715 2324 1761 2346 as-

1019 2363 1101 2396 sumi
1117 2390 1124 2403 ,
1149 2369 1201 2396 aut
1225 2364 1312 2407 prius
1337 2364 1467 2397 electam
1489 2375 1543 2398 seu
1569 2371 1760 2409 assumptam

1021 2416 1051 2448 in
1078 2416 1231 2450 eiusmodi
1258 2418 1428 2460 priorissae
1448 2428 1502 2451 seu
1534 2420 1760 2463 superiorissae

1022 2479 1152 2502 munere
1173 2469 1354 2503 confirmari
1373 2481 1466 2514 posse
1491 2471 1690 2505 decernimus
1710 2483 1762 2516 pa-

1022 2522 1108 2563 riter,
1124 2532 1160 2555 ac
1177 2522 1341 2556 statuimus
1359 2528 1389 2556 et
1405 2523 1597 2558 ordinamus.
1615 2526 1658 2558 Ac
1676 2536 1764 2569 prae-

1025 2575 1118 2608 missa
1143 2575 1249 2609 omnia
1274 2582 1304 2609 et
1328 2576 1449 2619 singula
1475 2587 1491 2609 a
1515 2578 1663 2621 praefatis
1688 2578 1761 2611 visi-

1024 2628 1178 2662 tatoribus
1193 2657 1200 2671 ,
1224 2639 1348 2664 necnon
1373 2630 1550 2664 rectoribus
1576 2637 1606 2664 et
1628 2631 1763 2664 admini-

1785 939 1898 959 Clementis
1907 937 1952 986 ‘dm

1932 973 1952 987 g.

1767 966 1877 986 coufirmat

1767 994 1855 1013 cretum

1643 225 1707 260 683
1754 235 1803 262 An.
1825 235 1855 262 c.
1876 234 1943 262 1661
