<?xml version="1.0" encoding="UTF-8"?>
<!DOCTYPE html PUBLIC "-//W3C//DTD XHTML 1.0 Transitional//EN"
    "http://www.w3.org/TR/xhtml1/DTD/xhtml1-transitional.dtd">
<html xmlns="http://www.w3.org/1999/xhtml" xml:lang="en" lang="en">
 <head>
  <title>
</title>
<meta http-equiv="Content-Type" content="text/html;charset=utf-8" />
  <meta name='ocr-system' content='tesseract 3.04.00' />
  <meta name='ocr-capabilities' content='ocr_page ocr_carea ocr_par ocr_line ocrx_word'/>
</head>
<body>
  <div class='ocr_page' id='page_1' title='image "./bullarumdiplomat16cath_0784.png"; bbox 0 0 2202 3190; ppageno 0'>
   <div class='ocr_carea' id='block_1_1' title="bbox 240 167 533 203">
    <p class='ocr_par' dir='ltr' id='par_1_1' title="bbox 240 167 533 203">
     <span class='ocr_line' id='line_1_1' title="bbox 240 167 533 203; baseline -0.007 -2"><span class='ocrx_word' id='word_1_1' title='bbox 240 176 287 201; x_wconf 73' lang='lat' dir='ltr'>An.</span> <span class='ocrx_word' id='word_1_2' title='bbox 304 176 333 201; x_wconf 86' lang='lat' dir='ltr'>c.</span> <span class='ocrx_word' id='word_1_3' title='bbox 356 175 425 203; x_wconf 77' lang='lat'>1662</span> <span class='ocrx_word' id='word_1_4' title='bbox 471 167 533 200; x_wconf 81' lang='lat'>750</span> 
     </span>
    </p>
   </div>
   <div class='ocr_carea' id='block_1_2' title="bbox 269 608 388 628">
    <p class='ocr_par' dir='ltr' id='par_1_2' title="bbox 269 608 388 628">
     <span class='ocr_line' id='line_1_2' title="bbox 269 608 388 628; baseline 0 0"><span class='ocrx_word' id='word_1_5' title='bbox 269 608 388 628; x_wconf 57' lang='lat' dir='ltr'>Clausulam</span> 
     </span>
    </p>
   </div>
   <div class='ocr_carea' id='block_1_3' title="bbox 244 1243 424 1265">
    <p class='ocr_par' dir='ltr' id='par_1_3' title="bbox 244 1243 424 1265">
     <span class='ocr_line' id='line_1_3' title="bbox 244 1243 424 1265; baseline -0.006 0"><span class='ocrx_word' id='word_1_6' title='bbox 244 1245 355 1265; x_wconf 75' lang='lat' dir='ltr'>Contraria</span> <span class='ocrx_word' id='word_1_7' title='bbox 364 1243 424 1265; x_wconf 77' lang='lat' dir='ltr'>tottii.</span> 
     </span>
    </p>
   </div>
   <div class='ocr_carea' id='block_1_4' title="bbox 248 2147 431 2195">
    <p class='ocr_par' dir='ltr' id='par_1_4' title="bbox 248 2147 431 2195">
     <span class='ocr_line' id='line_1_4' title="bbox 287 2147 431 2173; baseline 0 -6"><span class='ocrx_word' id='word_1_8' title='bbox 287 2147 431 2173; x_wconf 69' lang='lat' dir='ltr'>Traneumptis</span> 
     </span>
     <span class='ocr_line' id='line_1_5' title="bbox 248 2174 390 2195; baseline 0 -1"><span class='ocrx_word' id='word_1_9' title='bbox 248 2174 318 2195; x_wconf 69' lang='lat' dir='ltr'>danda</span> <span class='ocrx_word' id='word_1_10' title='bbox 333 2175 390 2195; x_wconf 78' lang='lat' dir='ltr'>tides.</span> 
     </span>
    </p>
   </div>
   <div class='ocr_carea' id='block_1_5' title="bbox 438 223 1186 2507">
    <p class='ocr_par' dir='ltr' id='par_1_5' title="bbox 438 223 1177 575">
     <span class='ocr_line' id='line_1_6' title="bbox 438 223 1172 269; baseline 0.003 -13"><span class='ocrx_word' id='word_1_11' title='bbox 438 234 562 256; x_wconf 67' lang='lat' dir='ltr'>noctxv</span> <span class='ocrx_word' id='word_1_12' title='bbox 589 223 730 266; x_wconf 79' lang='lat' dir='ltr'>expiret,</span> <span class='ocrx_word' id='word_1_13' title='bbox 755 234 790 255; x_wconf 82' lang='lat' dir='ltr'>ac</span> <span class='ocrx_word' id='word_1_14' title='bbox 816 229 875 255; x_wconf 83' lang='lat' dir='ltr'>tam</span> <span class='ocrx_word' id='word_1_15' title='bbox 907 224 1047 257; x_wconf 89' lang='lat' dir='ltr'>moderni</span> <span class='ocrx_word' id='word_1_16' title='bbox 1081 236 1172 269; x_wconf 81' lang='lat' dir='ltr'>quam</span> 
     </span>
     <span class='ocr_line' id='line_1_7' title="bbox 438 276 1173 321; baseline 0.003 -14"><span class='ocrx_word' id='word_1_17' title='bbox 438 276 534 308; x_wconf 80' lang='lat' dir='ltr'>futuri</span> <span class='ocrx_word' id='word_1_18' title='bbox 553 276 690 308; x_wconf 87' lang='lat' dir='ltr'>eiusdem</span> <span class='ocrx_word' id='word_1_19' title='bbox 708 276 966 319; x_wconf 79' lang='lat' dir='ltr'>Congregationis</span> <span class='ocrx_word' id='word_1_20' title='bbox 983 278 1173 321; x_wconf 85' lang='lat' dir='ltr'>superiores,</span> 
     </span>
     <span class='ocr_line' id='line_1_8' title="bbox 438 328 1174 373; baseline 0.003 -13"><span class='ocrx_word' id='word_1_21' title='bbox 438 328 489 372; x_wconf 85' lang='lat' dir='ltr'>qui</span> <span class='ocrx_word' id='word_1_22' title='bbox 516 329 545 360; x_wconf 88' lang='lat' dir='ltr'>in</span> <span class='ocrx_word' id='word_1_23' title='bbox 571 329 707 372; x_wconf 85' lang='lat' dir='ltr'>capitulo</span> <span class='ocrx_word' id='word_1_24' title='bbox 731 330 869 372; x_wconf 75' lang='lat' dir='ltr'>generali</span> <span class='ocrx_word' id='word_1_25' title='bbox 895 330 967 373; x_wconf 77' lang='lat' dir='ltr'>eligi</span> <span class='ocrx_word' id='word_1_26' title='bbox 994 331 1113 373; x_wconf 81' lang='lat' dir='ltr'>solent,</span> <span class='ocrx_word' id='word_1_27' title='bbox 1144 330 1174 362; x_wconf 94' lang='lat' dir='ltr'>in</span> 
     </span>
     <span class='ocr_line' id='line_1_9' title="bbox 438 381 1175 427; baseline 0.003 -14"><span class='ocrx_word' id='word_1_28' title='bbox 438 381 502 413; x_wconf 92' lang='lat' dir='ltr'>suis</span> <span class='ocrx_word' id='word_1_29' title='bbox 541 381 713 425; x_wconf 68' lang='lat' dir='ltr'>respective</span> <span class='ocrx_word' id='word_1_30' title='bbox 746 383 930 415; x_wconf 87' lang='lat' dir='ltr'>muneribus</span> <span class='ocrx_word' id='word_1_31' title='bbox 968 383 1175 427; x_wconf 77' lang='lat' dir='ltr'>quadriennio</span> 
     </span>
     <span class='ocr_line' id='line_1_10' title="bbox 438 434 1176 480; baseline 0.004 -14"><span class='ocrx_word' id='word_1_32' title='bbox 438 434 560 475; x_wconf 88' lang='lat' dir='ltr'>durent,</span> <span class='ocrx_word' id='word_1_33' title='bbox 573 435 758 468; x_wconf 83' lang='lat' dir='ltr'>auctoritate</span> <span class='ocrx_word' id='word_1_34' title='bbox 771 436 953 479; x_wconf 72' lang='lat' dir='ltr'>apostolica,</span> <span class='ocrx_word' id='word_1_35' title='bbox 964 442 1071 469; x_wconf 90' lang='lat' dir='ltr'>tenore</span> <span class='ocrx_word' id='word_1_36' title='bbox 1090 446 1176 480; x_wconf 88' lang='lat' dir='ltr'>prae-</span> 
     </span>
     <span class='ocr_line' id='line_1_11' title="bbox 439 488 1177 534; baseline 0.003 -14"><span class='ocrx_word' id='word_1_37' title='bbox 439 488 584 530; x_wconf 86' lang='lat' dir='ltr'>sentium,</span> <span class='ocrx_word' id='word_1_38' title='bbox 609 488 822 530; x_wconf 83' lang='lat' dir='ltr'>concedimus,</span> <span class='ocrx_word' id='word_1_39' title='bbox 840 500 875 522; x_wconf 90' lang='lat' dir='ltr'>ac</span> <span class='ocrx_word' id='word_1_40' title='bbox 895 495 1048 534; x_wconf 87' lang='lat' dir='ltr'>perpetuo</span> <span class='ocrx_word' id='word_1_41' title='bbox 1068 489 1177 522; x_wconf 87' lang='lat' dir='ltr'>statui-</span> 
     </span>
     <span class='ocr_line' id='line_1_12' title="bbox 441 542 779 575; baseline 0.006 -2"><span class='ocrx_word' id='word_1_42' title='bbox 441 552 509 574; x_wconf 89' lang='lat' dir='ltr'>mus</span> <span class='ocrx_word' id='word_1_43' title='bbox 534 547 563 574; x_wconf 90' lang='lat' dir='ltr'>et</span> <span class='ocrx_word' id='word_1_44' title='bbox 587 542 779 575; x_wconf 84' lang='lat' dir='ltr'>ordinamus.</span> 
     </span>
    </p>

    <p class='ocr_par' dir='ltr' id='par_1_6' title="bbox 439 594 1180 1225">
     <span class='ocr_line' id='line_1_13' title="bbox 484 594 1177 639; baseline -0.003 -11"><span class='ocrx_word' id='word_1_45' title='bbox 484 595 498 638; x_wconf 64' lang='grc' dir='ltr'><strong>ἓ</strong></span> <span class='ocrx_word' id='word_1_46' title='bbox 517 594 547 628; x_wconf 79' lang='grc'>3.</span> <span class='ocrx_word' id='word_1_47' title='bbox 568 595 776 629; x_wconf 86' lang='lat' dir='ltr'>Decernentes</span> <span class='ocrx_word' id='word_1_48' title='bbox 794 596 917 628; x_wconf 88' lang='lat' dir='ltr'>easdem</span> <span class='ocrx_word' id='word_1_49' title='bbox 935 601 1115 639; x_wconf 76' lang='lat' dir='ltr'>praesentes</span> <span class='ocrx_word' id='word_1_50' title='bbox 1132 595 1177 627; x_wconf 89' lang='lat' dir='ltr'>lit-</span> 
     </span>
     <span class='ocr_line' id='line_1_14' title="bbox 440 649 1177 692; baseline 0 -12"><span class='ocrx_word' id='word_1_51' title='bbox 440 653 521 680; x_wconf 89' lang='lat' dir='ltr'>teras</span> <span class='ocrx_word' id='word_1_52' title='bbox 549 659 674 692; x_wconf 84' lang='lat' dir='ltr'>semper</span> <span class='ocrx_word' id='word_1_53' title='bbox 699 649 816 689; x_wconf 82' lang='lat' dir='ltr'>firmas,</span> <span class='ocrx_word' id='word_1_54' title='bbox 837 649 951 682; x_wconf 86' lang='lat' dir='ltr'>validas</span> <span class='ocrx_word' id='word_1_55' title='bbox 977 654 1006 681; x_wconf 88' lang='lat' dir='ltr'>et</span> <span class='ocrx_word' id='word_1_56' title='bbox 1037 649 1177 681; x_wconf 84' lang='lat' dir='ltr'>efficaces</span> 
     </span>
     <span class='ocr_line' id='line_1_15' title="bbox 440 702 1179 745; baseline 0 -12"><span class='ocrx_word' id='word_1_57' title='bbox 440 702 572 734; x_wconf 79' lang='lat' dir='ltr'>existere</span> <span class='ocrx_word' id='word_1_58' title='bbox 597 708 626 735; x_wconf 90' lang='lat' dir='ltr'>et</span> <span class='ocrx_word' id='word_1_59' title='bbox 647 703 721 743; x_wconf 89' lang='lat' dir='ltr'>sore,</span> <span class='ocrx_word' id='word_1_60' title='bbox 748 713 782 735; x_wconf 90' lang='lat' dir='ltr'>ac</span> <span class='ocrx_word' id='word_1_61' title='bbox 810 703 880 743; x_wconf 88' lang='lat' dir='ltr'>illis,</span> <span class='ocrx_word' id='word_1_62' title='bbox 897 702 934 734; x_wconf 90' lang='lat' dir='ltr'>ad</span> <span class='ocrx_word' id='word_1_63' title='bbox 955 713 1033 745; x_wconf 84' lang='lat' dir='ltr'>quos</span> <span class='ocrx_word' id='word_1_64' title='bbox 1061 707 1179 745; x_wconf 85' lang='lat' dir='ltr'>spectat</span> 
     </span>
     <span class='ocr_line' id='line_1_16' title="bbox 440 755 1177 799; baseline 0.001 -13"><span class='ocrx_word' id='word_1_65' title='bbox 440 760 469 787; x_wconf 87' lang='lat' dir='ltr'>et</span> <span class='ocrx_word' id='word_1_66' title='bbox 485 766 542 798; x_wconf 88' lang='lat' dir='ltr'>pro</span> <span class='ocrx_word' id='word_1_67' title='bbox 561 761 701 799; x_wconf 88' lang='lat' dir='ltr'>tempore</span> <span class='ocrx_word' id='word_1_68' title='bbox 722 756 983 799; x_wconf 75' lang='lat' dir='ltr'>quandocumque</span> <span class='ocrx_word' id='word_1_69' title='bbox 1009 755 1177 799; x_wconf 86' lang='lat' dir='ltr'>spectabit,</span> 
     </span>
     <span class='ocr_line' id='line_1_17' title="bbox 439 807 1178 852; baseline -0.001 -12"><span class='ocrx_word' id='word_1_70' title='bbox 439 808 619 851; x_wconf 84' lang='lat' dir='ltr'>plenissime</span> <span class='ocrx_word' id='word_1_71' title='bbox 637 808 813 852; x_wconf 79' lang='lat' dir='ltr'>suffragari,</span> <span class='ocrx_word' id='word_1_72' title='bbox 831 814 861 841; x_wconf 86' lang='lat' dir='ltr'>et</span> <span class='ocrx_word' id='word_1_73' title='bbox 877 809 916 841; x_wconf 88' lang='lat' dir='ltr'>ab</span> <span class='ocrx_word' id='word_1_74' title='bbox 935 808 993 840; x_wconf 92' lang='lat' dir='ltr'>illis</span> <span class='ocrx_word' id='word_1_75' title='bbox 1007 807 1178 852; x_wconf 73' lang='lat' dir='ltr'>respective</span> 
     </span>
     <span class='ocr_line' id='line_1_18' title="bbox 440 861 1177 905; baseline 0 -12"><span class='ocrx_word' id='word_1_76' title='bbox 440 862 661 895; x_wconf 87' lang='lat' dir='ltr'>inviolabiliter</span> <span class='ocrx_word' id='word_1_77' title='bbox 692 862 868 904; x_wconf 86' lang='lat' dir='ltr'>observari,</span> <span class='ocrx_word' id='word_1_78' title='bbox 895 862 1001 905; x_wconf 75' lang='lat' dir='ltr'>sicque</span> <span class='ocrx_word' id='word_1_79' title='bbox 1025 861 1055 893; x_wconf 95' lang='lat' dir='ltr'>in</span> <span class='ocrx_word' id='word_1_80' title='bbox 1087 871 1177 905; x_wconf 88' lang='lat' dir='ltr'>prae-</span> 
     </span>
     <span class='ocr_line' id='line_1_19' title="bbox 441 915 1179 960; baseline 0.001 -14"><span class='ocrx_word' id='word_1_81' title='bbox 441 915 543 948; x_wconf 81' lang='lat' dir='ltr'>missis</span> <span class='ocrx_word' id='word_1_82' title='bbox 559 926 615 959; x_wconf 87' lang='lat' dir='ltr'>per</span> <span class='ocrx_word' id='word_1_83' title='bbox 635 926 850 960; x_wconf 89' lang='lat' dir='ltr'>quoscumque</span> <span class='ocrx_word' id='word_1_84' title='bbox 868 915 985 948; x_wconf 87' lang='lat' dir='ltr'>iudices</span> <span class='ocrx_word' id='word_1_85' title='bbox 1002 915 1179 948; x_wconf 89' lang='lat' dir='ltr'>ordinarios</span> 
     </span>
     <span class='ocr_line' id='line_1_20' title="bbox 441 968 1178 1012; baseline -0.001 -12"><span class='ocrx_word' id='word_1_86' title='bbox 441 973 470 1000; x_wconf 87' lang='lat' dir='ltr'>ct</span> <span class='ocrx_word' id='word_1_87' title='bbox 490 968 658 1011; x_wconf 78' lang='lat' dir='ltr'>delegatos,</span> <span class='ocrx_word' id='word_1_88' title='bbox 677 969 769 1001; x_wconf 86' lang='lat' dir='ltr'>etiam</span> <span class='ocrx_word' id='word_1_89' title='bbox 796 979 960 1001; x_wconf 87' lang='lat' dir='ltr'>causarum</span> <span class='ocrx_word' id='word_1_90' title='bbox 979 968 1085 1012; x_wconf 88' lang='lat' dir='ltr'>palatii</span> <span class='ocrx_word' id='word_1_91' title='bbox 1103 978 1178 1011; x_wconf 86' lang='lat' dir='ltr'>apo-</span> 
     </span>
     <span class='ocr_line' id='line_1_21' title="bbox 441 1021 1179 1061; baseline 0 -8"><span class='ocrx_word' id='word_1_92' title='bbox 441 1022 540 1054; x_wconf 87' lang='lat' dir='ltr'>stolici</span> <span class='ocrx_word' id='word_1_93' title='bbox 555 1022 724 1061; x_wconf 78' lang='lat' dir='ltr'>auditoreS,</span> <span class='ocrx_word' id='word_1_94' title='bbox 736 1022 865 1055; x_wconf 88' lang='lat' dir='ltr'>iudicari</span> <span class='ocrx_word' id='word_1_95' title='bbox 878 1027 906 1054; x_wconf 90' lang='lat' dir='ltr'>et</span> <span class='ocrx_word' id='word_1_96' title='bbox 916 1022 1039 1054; x_wconf 85' lang='lat' dir='ltr'>definiri</span> <span class='ocrx_word' id='word_1_97' title='bbox 1055 1021 1179 1061; x_wconf 80' lang='lat' dir='ltr'>debere,</span> 
     </span>
     <span class='ocr_line' id='line_1_22' title="bbox 440 1074 1180 1118; baseline 0 -12"><span class='ocrx_word' id='word_1_98' title='bbox 440 1085 475 1107; x_wconf 88' lang='lat' dir='ltr'>ac</span> <span class='ocrx_word' id='word_1_99' title='bbox 495 1074 616 1107; x_wconf 87' lang='lat' dir='ltr'>irritum</span> <span class='ocrx_word' id='word_1_100' title='bbox 635 1079 664 1108; x_wconf 89' lang='lat' dir='ltr'>et</span> <span class='ocrx_word' id='word_1_101' title='bbox 682 1075 782 1114; x_wconf 86' lang='lat' dir='ltr'>inane,</span> <span class='ocrx_word' id='word_1_102' title='bbox 805 1075 829 1107; x_wconf 85' lang='lat' dir='ltr'>si</span> <span class='ocrx_word' id='word_1_103' title='bbox 855 1086 944 1107; x_wconf 84' lang='lat' dir='ltr'>secus</span> <span class='ocrx_word' id='word_1_104' title='bbox 973 1085 1066 1118; x_wconf 88' lang='lat' dir='ltr'>super</span> <span class='ocrx_word' id='word_1_105' title='bbox 1091 1075 1139 1107; x_wconf 89' lang='lat' dir='ltr'>his</span> <span class='ocrx_word' id='word_1_106' title='bbox 1163 1085 1180 1106; x_wconf 89' lang='lat' dir='ltr'>a</span> 
     </span>
     <span class='ocr_line' id='line_1_23' title="bbox 440 1127 1179 1172; baseline 0 -13"><span class='ocrx_word' id='word_1_107' title='bbox 440 1138 608 1171; x_wconf 85' lang='lat' dir='ltr'>quoquam,</span> <span class='ocrx_word' id='word_1_108' title='bbox 629 1127 737 1172; x_wconf 81' lang='lat' dir='ltr'>quavis</span> <span class='ocrx_word' id='word_1_109' title='bbox 758 1128 953 1168; x_wconf 85' lang='lat' dir='ltr'>auctoritate,</span> <span class='ocrx_word' id='word_1_110' title='bbox 975 1128 1108 1161; x_wconf 88' lang='lat' dir='ltr'>scienter</span> <span class='ocrx_word' id='word_1_111' title='bbox 1133 1128 1179 1160; x_wconf 90' lang='lat' dir='ltr'>vel</span> 
     </span>
     <span class='ocr_line' id='line_1_24' title="bbox 441 1181 1018 1225; baseline 0.002 -12"><span class='ocrx_word' id='word_1_112' title='bbox 441 1181 632 1224; x_wconf 80' lang='lat' dir='ltr'>ignoranter,</span> <span class='ocrx_word' id='word_1_113' title='bbox 666 1182 832 1225; x_wconf 78' lang='lat' dir='ltr'>contigerit</span> <span class='ocrx_word' id='word_1_114' title='bbox 863 1182 1018 1214; x_wconf 87' lang='lat' dir='ltr'>attentari.</span> 
     </span>
    </p>

    <p class='ocr_par' dir='ltr' id='par_1_7' title="bbox 440 1235 1184 2132">
     <span class='ocr_line' id='line_1_25' title="bbox 485 1235 1180 1279; baseline 0 -12"><span class='ocrx_word' id='word_1_115' title='bbox 485 1236 499 1278; x_wconf 65' lang='grc' dir='ltr'><strong>ἓ</strong></span> <span class='ocrx_word' id='word_1_116' title='bbox 524 1235 552 1267; x_wconf 75' lang='grc'>4.</span> <span class='ocrx_word' id='word_1_117' title='bbox 585 1236 652 1268; x_wconf 88' lang='lat' dir='ltr'>Non</span> <span class='ocrx_word' id='word_1_118' title='bbox 685 1235 882 1268; x_wconf 69' lang='lat' dir='ltr'>obstantibus</span> <span class='ocrx_word' id='word_1_119' title='bbox 911 1235 1112 1279; x_wconf 84' lang='lat' dir='ltr'>praemissis,</span> <span class='ocrx_word' id='word_1_120' title='bbox 1145 1245 1180 1267; x_wconf 89' lang='lat' dir='ltr'>ac</span> 
     </span>
     <span class='ocr_line' id='line_1_26' title="bbox 441 1289 1180 1332; baseline 0 -11"><span class='ocrx_word' id='word_1_121' title='bbox 441 1289 713 1322; x_wconf 71' lang='lat' dir='ltr'>constitutionibus</span> <span class='ocrx_word' id='word_1_122' title='bbox 734 1295 764 1321; x_wconf 89' lang='lat' dir='ltr'>et</span> <span class='ocrx_word' id='word_1_123' title='bbox 786 1289 1035 1322; x_wconf 85' lang='lat' dir='ltr'>ordinationibus</span> <span class='ocrx_word' id='word_1_124' title='bbox 1059 1293 1180 1332; x_wconf 86' lang='lat' dir='ltr'>aposto-</span> 
     </span>
     <span class='ocr_line' id='line_1_27' title="bbox 440 1342 1180 1385; baseline -0.001 -11"><span class='ocrx_word' id='word_1_125' title='bbox 440 1342 527 1383; x_wconf 79' lang='lat' dir='ltr'>licis,</span> <span class='ocrx_word' id='word_1_126' title='bbox 555 1353 676 1375; x_wconf 61' lang='lat' dir='ltr'>necnon</span> <span class='ocrx_word' id='word_1_127' title='bbox 706 1342 805 1375; x_wconf 85' lang='lat' dir='ltr'>dictae</span> <span class='ocrx_word' id='word_1_128' title='bbox 836 1342 1115 1385; x_wconf 78' lang='lat' dir='ltr'>Congregationis‚</span> <span class='ocrx_word' id='word_1_129' title='bbox 1145 1352 1180 1374; x_wconf 89' lang='lat' dir='ltr'>ac</span> 
     </span>
     <span class='ocr_line' id='line_1_28' title="bbox 440 1395 1181 1440; baseline -0.001 -12"><span class='ocrx_word' id='word_1_130' title='bbox 440 1396 507 1428; x_wconf 89' lang='lat' dir='ltr'>aliis</span> <span class='ocrx_word' id='word_1_131' title='bbox 532 1396 709 1440; x_wconf 77' lang='lat' dir='ltr'>quibusvis,</span> <span class='ocrx_word' id='word_1_132' title='bbox 738 1397 828 1429; x_wconf 90' lang='lat' dir='ltr'>etiam</span> <span class='ocrx_word' id='word_1_133' title='bbox 852 1396 1044 1436; x_wconf 86' lang='lat' dir='ltr'>iuramento,</span> <span class='ocrx_word' id='word_1_134' title='bbox 1070 1395 1181 1428; x_wconf 80' lang='lat' dir='ltr'>contir-</span> 
     </span>
     <span class='ocr_line' id='line_1_29' title="bbox 440 1449 1181 1493; baseline 0 -12"><span class='ocrx_word' id='word_1_135' title='bbox 440 1449 577 1482; x_wconf 87' lang='lat' dir='ltr'>matione</span> <span class='ocrx_word' id='word_1_136' title='bbox 602 1450 788 1493; x_wconf 74' lang='lat' dir='ltr'>apostolica,</span> <span class='ocrx_word' id='word_1_137' title='bbox 817 1450 864 1482; x_wconf 87' lang='lat' dir='ltr'>vel</span> <span class='ocrx_word' id='word_1_138' title='bbox 897 1450 1005 1493; x_wconf 84' lang='lat' dir='ltr'>quavis</span> <span class='ocrx_word' id='word_1_139' title='bbox 1033 1449 1181 1482; x_wconf 84' lang='lat' dir='ltr'>firmitate</span> 
     </span>
     <span class='ocr_line' id='line_1_30' title="bbox 441 1502 1180 1545; baseline 0 -11"><span class='ocrx_word' id='word_1_140' title='bbox 441 1503 500 1534; x_wconf 78' lang='lat' dir='ltr'>alia</span> <span class='ocrx_word' id='word_1_141' title='bbox 519 1503 684 1545; x_wconf 80' lang='lat' dir='ltr'>roboratis,</span> <span class='ocrx_word' id='word_1_142' title='bbox 705 1503 825 1535; x_wconf 86' lang='lat' dir='ltr'>statutis</span> <span class='ocrx_word' id='word_1_143' title='bbox 846 1508 875 1535; x_wconf 88' lang='lat' dir='ltr'>et</span> <span class='ocrx_word' id='word_1_144' title='bbox 892 1502 1180 1542; x_wconf 89' lang='lat' dir='ltr'>consuetudinibus,</span> 
     </span>
     <span class='ocr_line' id='line_1_31' title="bbox 440 1555 1181 1599; baseline 0 -12"><span class='ocrx_word' id='word_1_145' title='bbox 440 1555 613 1599; x_wconf 73' lang='lat' dir='ltr'>privilegiis</span> <span class='ocrx_word' id='word_1_146' title='bbox 628 1567 762 1599; x_wconf 82' lang='lat' dir='ltr'>quoque,</span> <span class='ocrx_word' id='word_1_147' title='bbox 781 1556 907 1588; x_wconf 89' lang='lat' dir='ltr'>indultis</span> <span class='ocrx_word' id='word_1_148' title='bbox 928 1561 958 1588; x_wconf 91' lang='lat' dir='ltr'>et.</span> <span class='ocrx_word' id='word_1_149' title='bbox 982 1555 1093 1588; x_wconf 90' lang='lat' dir='ltr'>litteris</span> <span class='ocrx_word' id='word_1_150' title='bbox 1107 1565 1181 1598; x_wconf 89' lang='lat' dir='ltr'>apo-</span> 
     </span>
     <span class='ocr_line' id='line_1_32' title="bbox 441 1608 1182 1652; baseline 0.001 -12"><span class='ocrx_word' id='word_1_151' title='bbox 441 1608 558 1641; x_wconf 86' lang='lat' dir='ltr'>stolicis</span> <span class='ocrx_word' id='word_1_152' title='bbox 577 1609 605 1641; x_wconf 88' lang='lat' dir='ltr'>in</span> <span class='ocrx_word' id='word_1_153' title='bbox 621 1609 813 1642; x_wconf 84' lang='lat' dir='ltr'>contrarium</span> <span class='ocrx_word' id='word_1_154' title='bbox 834 1609 1081 1652; x_wconf 88' lang='lat' dir='ltr'>praemissorum</span> <span class='ocrx_word' id='word_1_155' title='bbox 1105 1618 1182 1651; x_wconf 88' lang='lat' dir='ltr'>quo-</span> 
     </span>
     <span class='ocr_line' id='line_1_33' title="bbox 442 1661 1183 1702; baseline 0.001 -8"><span class='ocrx_word' id='word_1_156' title='bbox 442 1662 614 1694; x_wconf 89' lang='lat' dir='ltr'>modolibet</span> <span class='ocrx_word' id='word_1_157' title='bbox 639 1662 806 1702; x_wconf 82' lang='lat' dir='ltr'>concessis,</span> <span class='ocrx_word' id='word_1_158' title='bbox 827 1662 1019 1695; x_wconf 83' lang='lat' dir='ltr'>confirmatis</span> <span class='ocrx_word' id='word_1_159' title='bbox 1044 1665 1073 1695; x_wconf 90' lang='lat' dir='ltr'>et</span> <span class='ocrx_word' id='word_1_160' title='bbox 1098 1661 1183 1695; x_wconf 90' lang='lat' dir='ltr'>inno-</span> 
     </span>
     <span class='ocr_line' id='line_1_34' title="bbox 442 1715 1181 1759; baseline 0 -12"><span class='ocrx_word' id='word_1_161' title='bbox 442 1715 536 1755; x_wconf 82' lang='lat' dir='ltr'>vatis;</span> <span class='ocrx_word' id='word_1_162' title='bbox 558 1715 670 1759; x_wconf 89' lang='lat' dir='ltr'>quibus</span> <span class='ocrx_word' id='word_1_163' title='bbox 688 1715 832 1749; x_wconf 92' lang='lat' dir='ltr'>omnibus</span> <span class='ocrx_word' id='word_1_164' title='bbox 850 1720 879 1748; x_wconf 89' lang='lat' dir='ltr'>ct</span> <span class='ocrx_word' id='word_1_165' title='bbox 896 1716 1037 1758; x_wconf 76' lang='lat' dir='ltr'>singulis,</span> <span class='ocrx_word' id='word_1_166' title='bbox 1055 1715 1181 1748; x_wconf 88' lang='lat' dir='ltr'>illorum</span> 
     </span>
     <span class='ocr_line' id='line_1_35' title="bbox 443 1768 1182 1812; baseline 0.001 -12"><span class='ocrx_word' id='word_1_167' title='bbox 443 1773 567 1801; x_wconf 85' lang='lat' dir='ltr'>tenores</span> <span class='ocrx_word' id='word_1_168' title='bbox 594 1769 810 1812; x_wconf 85' lang='lat' dir='ltr'>praesentibus</span> <span class='ocrx_word' id='word_1_169' title='bbox 838 1779 897 1812; x_wconf 91' lang='lat' dir='ltr'>pro</span> <span class='ocrx_word' id='word_1_170' title='bbox 921 1769 1012 1812; x_wconf 90' lang='lat' dir='ltr'>plene</span> <span class='ocrx_word' id='word_1_171' title='bbox 1043 1773 1073 1801; x_wconf 88' lang='lat' dir='ltr'>ct</span> <span class='ocrx_word' id='word_1_172' title='bbox 1098 1768 1182 1801; x_wconf 82' lang='lat' dir='ltr'>suffi—</span> 
     </span>
     <span class='ocr_line' id='line_1_36' title="bbox 444 1821 1181 1866; baseline 0 -13"><span class='ocrx_word' id='word_1_173' title='bbox 444 1822 562 1854; x_wconf 88' lang='lat' dir='ltr'>cienter</span> <span class='ocrx_word' id='word_1_174' title='bbox 578 1822 749 1866; x_wconf 86' lang='lat' dir='ltr'>expressis,</span> <span class='ocrx_word' id='word_1_175' title='bbox 769 1833 804 1855; x_wconf 90' lang='lat' dir='ltr'>ac</span> <span class='ocrx_word' id='word_1_176' title='bbox 822 1822 860 1854; x_wconf 87' lang='lat' dir='ltr'>de</span> <span class='ocrx_word' id='word_1_177' title='bbox 880 1822 977 1855; x_wconf 90' lang='lat' dir='ltr'>verbo</span> <span class='ocrx_word' id='word_1_178' title='bbox 995 1821 1032 1854; x_wconf 83' lang='lat' dir='ltr'>ad</span> <span class='ocrx_word' id='word_1_179' title='bbox 1051 1822 1181 1854; x_wconf 89' lang='lat' dir='ltr'>verbum</span> 
     </span>
     <span class='ocr_line' id='line_1_37' title="bbox 443 1874 1183 1915; baseline 0.001 -9"><span class='ocrx_word' id='word_1_180' title='bbox 443 1874 567 1908; x_wconf 89' lang='lat' dir='ltr'>insertis</span> <span class='ocrx_word' id='word_1_181' title='bbox 592 1875 755 1915; x_wconf 88' lang='lat' dir='ltr'>habentes,</span> <span class='ocrx_word' id='word_1_182' title='bbox 772 1875 831 1907; x_wconf 91' lang='lat' dir='ltr'>illis</span> <span class='ocrx_word' id='word_1_183' title='bbox 849 1876 923 1908; x_wconf 77' lang='lat' dir='ltr'>alias</span> <span class='ocrx_word' id='word_1_184' title='bbox 942 1875 972 1907; x_wconf 93' lang='lat' dir='ltr'>in</span> <span class='ocrx_word' id='word_1_185' title='bbox 990 1885 1046 1908; x_wconf 93' lang='lat' dir='ltr'>suo</span> <span class='ocrx_word' id='word_1_186' title='bbox 1067 1875 1183 1908; x_wconf 88' lang='lat' dir='ltr'>robore</span> 
     </span>
     <span class='ocr_line' id='line_1_38' title="bbox 443 1928 1183 1972; baseline 0.001 -12"><span class='ocrx_word' id='word_1_187' title='bbox 443 1928 672 1971; x_wconf 80' lang='lat' dir='ltr'>permansurIs,</span> <span class='ocrx_word' id='word_1_188' title='bbox 691 1929 728 1961; x_wconf 91' lang='lat' dir='ltr'>ad</span> <span class='ocrx_word' id='word_1_189' title='bbox 753 1929 999 1972; x_wconf 88' lang='lat' dir='ltr'>praemissorum</span> <span class='ocrx_word' id='word_1_190' title='bbox 1026 1928 1183 1969; x_wconf 80' lang='lat' dir='ltr'>effectum,</span> 
     </span>
     <span class='ocr_line' id='line_1_39' title="bbox 443 1981 1183 2026; baseline 0.001 -13"><span class='ocrx_word' id='word_1_191' title='bbox 443 1981 502 2014; x_wconf 86' lang='lat' dir='ltr'>hac</span> <span class='ocrx_word' id='word_1_192' title='bbox 520 1982 587 2015; x_wconf 74' lang='lat' dir='ltr'>vice</span> <span class='ocrx_word' id='word_1_193' title='bbox 604 1982 774 2023; x_wconf 81' lang='lat' dir='ltr'>dumtaxat,</span> <span class='ocrx_word' id='word_1_194' title='bbox 800 1983 976 2026; x_wconf 85' lang='lat' dir='ltr'>specialiter</span> <span class='ocrx_word' id='word_1_195' title='bbox 993 1987 1022 2014; x_wconf 91' lang='lat' dir='ltr'>et</span> <span class='ocrx_word' id='word_1_196' title='bbox 1036 1993 1183 2026; x_wconf 81' lang='lat' dir='ltr'>expresse</span> 
     </span>
     <span class='ocr_line' id='line_1_40' title="bbox 444 2034 1184 2079; baseline 0.001 -12"><span class='ocrx_word' id='word_1_197' title='bbox 444 2034 651 2078; x_wconf 73' lang='lat' dir='ltr'>derogamus3</span> <span class='ocrx_word' id='word_1_198' title='bbox 677 2036 851 2079; x_wconf 86' lang='lat' dir='ltr'>ceterisque</span> <span class='ocrx_word' id='word_1_199' title='bbox 869 2036 1034 2069; x_wconf 83' lang='lat' dir='ltr'>contrariis</span> <span class='ocrx_word' id='word_1_200' title='bbox 1055 2035 1184 2079; x_wconf 84' lang='lat' dir='ltr'>quibus-</span> 
     </span>
     <span class='ocr_line' id='line_1_41' title="bbox 445 2099 589 2132; baseline 0.007 -12"><span class='ocrx_word' id='word_1_201' title='bbox 445 2099 589 2132; x_wconf 86' lang='lat' dir='ltr'>eumque.</span> 
     </span>
    </p>

    <p class='ocr_par' dir='ltr' id='par_1_8' title="bbox 445 2142 1186 2507">
     <span class='ocr_line' id='line_1_42' title="bbox 490 2142 1185 2187; baseline 0.003 -13"><span class='ocrx_word' id='word_1_202' title='bbox 490 2142 504 2186; x_wconf 63' lang='lat' dir='ltr'>g</span> <span class='ocrx_word' id='word_1_203' title='bbox 519 2143 548 2175; x_wconf 84' lang='lat'>5.</span> <span class='ocrx_word' id='word_1_204' title='bbox 570 2142 718 2176; x_wconf 82' lang='lat' dir='ltr'>Volumus</span> <span class='ocrx_word' id='word_1_205' title='bbox 733 2148 835 2176; x_wconf 84' lang='lat' dir='ltr'>autem</span> <span class='ocrx_word' id='word_1_206' title='bbox 852 2149 883 2176; x_wconf 92' lang='lat' dir='ltr'>ut</span> <span class='ocrx_word' id='word_1_207' title='bbox 898 2142 1079 2176; x_wconf 90' lang='lat' dir='ltr'>earumdem</span> <span class='ocrx_word' id='word_1_208' title='bbox 1098 2153 1185 2187; x_wconf 90' lang='lat' dir='ltr'>prae-</span> 
     </span>
     <span class='ocr_line' id='line_1_43' title="bbox 445 2195 1186 2240; baseline 0.004 -14"><span class='ocrx_word' id='word_1_209' title='bbox 445 2195 578 2227; x_wconf 88' lang='lat' dir='ltr'>sentium</span> <span class='ocrx_word' id='word_1_210' title='bbox 594 2195 768 2228; x_wconf 85' lang='lat' dir='ltr'>litterarum</span> <span class='ocrx_word' id='word_1_211' title='bbox 790 2197 1002 2240; x_wconf 89' lang='lat' dir='ltr'>transumptis,</span> <span class='ocrx_word' id='word_1_212' title='bbox 1018 2197 1109 2229; x_wconf 88' lang='lat' dir='ltr'>etiam</span> <span class='ocrx_word' id='word_1_213' title='bbox 1132 2197 1186 2228; x_wconf 89' lang='lat' dir='ltr'>im-</span> 
     </span>
     <span class='ocr_line' id='line_1_44' title="bbox 445 2249 1185 2294; baseline 0.005 -15"><span class='ocrx_word' id='word_1_214' title='bbox 445 2249 571 2291; x_wconf 84' lang='lat' dir='ltr'>pressis,</span> <span class='ocrx_word' id='word_1_215' title='bbox 589 2259 680 2281; x_wconf 86' lang='lat' dir='ltr'>manu</span> <span class='ocrx_word' id='word_1_216' title='bbox 698 2249 831 2282; x_wconf 88' lang='lat' dir='ltr'>alicuius</span> <span class='ocrx_word' id='word_1_217' title='bbox 855 2250 968 2283; x_wconf 88' lang='lat' dir='ltr'>notarii</span> <span class='ocrx_word' id='word_1_218' title='bbox 986 2250 1102 2294; x_wconf 85' lang='lat' dir='ltr'>publici</span> <span class='ocrx_word' id='word_1_219' title='bbox 1116 2250 1185 2284; x_wconf 89' lang='lat' dir='ltr'>sub-</span> 
     </span>
     <span class='ocr_line' id='line_1_45' title="bbox 446 2302 1185 2347; baseline 0.005 -14"><span class='ocrx_word' id='word_1_220' title='bbox 446 2302 580 2345; x_wconf 83' lang='lat' dir='ltr'>scriptis,</span> <span class='ocrx_word' id='word_1_221' title='bbox 598 2307 627 2335; x_wconf 84' lang='lat' dir='ltr'>et</span> <span class='ocrx_word' id='word_1_222' title='bbox 641 2303 742 2345; x_wconf 78' lang='lat' dir='ltr'>sigillo</span> <span class='ocrx_word' id='word_1_223' title='bbox 764 2314 916 2347; x_wconf 87' lang='lat' dir='ltr'>personae</span> <span class='ocrx_word' id='word_1_224' title='bbox 931 2304 961 2336; x_wconf 92' lang='lat' dir='ltr'>in</span> <span class='ocrx_word' id='word_1_225' title='bbox 975 2304 1185 2337; x_wconf 69' lang='lat' dir='ltr'>ecclesiastica</span> 
     </span>
     <span class='ocr_line' id='line_1_46' title="bbox 446 2355 1185 2401; baseline 0.007 -15"><span class='ocrx_word' id='word_1_226' title='bbox 446 2355 595 2397; x_wconf 78' lang='lat' dir='ltr'>dignitate</span> <span class='ocrx_word' id='word_1_227' title='bbox 609 2356 794 2390; x_wconf 87' lang='lat' dir='ltr'>constitutae</span> <span class='ocrx_word' id='word_1_228' title='bbox 809 2357 946 2397; x_wconf 89' lang='lat' dir='ltr'>munitis,</span> <span class='ocrx_word' id='word_1_229' title='bbox 967 2357 1075 2390; x_wconf 81' lang='lat' dir='ltr'>eadem</span> <span class='ocrx_word' id='word_1_230' title='bbox 1093 2368 1185 2401; x_wconf 85' lang='lat' dir='ltr'>pror-</span> 
     </span>
     <span class='ocr_line' id='line_1_47' title="bbox 447 2408 1185 2453; baseline 0.005 -14"><span class='ocrx_word' id='word_1_231' title='bbox 447 2417 499 2439; x_wconf 88' lang='lat' dir='ltr'>sus</span> <span class='ocrx_word' id='word_1_232' title='bbox 523 2408 599 2441; x_wconf 85' lang='lat' dir='ltr'>fides</span> <span class='ocrx_word' id='word_1_233' title='bbox 625 2409 739 2453; x_wconf 87' lang='lat' dir='ltr'>ubique</span> <span class='ocrx_word' id='word_1_234' title='bbox 764 2410 905 2443; x_wconf 88' lang='lat' dir='ltr'>locorum</span> <span class='ocrx_word' id='word_1_235' title='bbox 925 2416 986 2443; x_wconf 87' lang='lat' dir='ltr'>tam</span> <span class='ocrx_word' id='word_1_236' title='bbox 1014 2410 1043 2443; x_wconf 94' lang='lat' dir='ltr'>in</span> <span class='ocrx_word' id='word_1_237' title='bbox 1069 2411 1185 2444; x_wconf 90' lang='lat' dir='ltr'>iudicio</span> 
     </span>
     <span class='ocr_line' id='line_1_48' title="bbox 447 2462 1185 2507; baseline 0.007 -15"><span class='ocrx_word' id='word_1_238' title='bbox 447 2470 541 2503; x_wconf 89' lang='lat' dir='ltr'>quam</span> <span class='ocrx_word' id='word_1_239' title='bbox 556 2466 642 2494; x_wconf 84' lang='lat' dir='ltr'>extra</span> <span class='ocrx_word' id='word_1_240' title='bbox 657 2462 732 2495; x_wconf 90' lang='lat' dir='ltr'>illud</span> <span class='ocrx_word' id='word_1_241' title='bbox 748 2463 910 2506; x_wconf 84' lang='lat' dir='ltr'>habeatur,</span> <span class='ocrx_word' id='word_1_242' title='bbox 921 2474 999 2507; x_wconf 86' lang='lat' dir='ltr'>quae</span> <span class='ocrx_word' id='word_1_243' title='bbox 1014 2463 1185 2497; x_wconf 88' lang='lat' dir='ltr'>haberetur</span> 
     </span>
    </p>
   </div>
   <div class='ocr_carea' id='block_1_6' title="bbox 448 2513 1183 2600">
    <p class='ocr_par' dir='ltr' id='par_1_9' title="bbox 448 2513 1183 2600">
     <span class='ocr_line' id='line_1_49' title="bbox 448 2513 1183 2558; baseline 0.007 -13"><span class='ocrx_word' id='word_1_244' title='bbox 448 2513 523 2556; x_wconf 86' lang='lat' dir='ltr'>ipsis</span> <span class='ocrx_word' id='word_1_245' title='bbox 549 2516 774 2558; x_wconf 73' lang='lat' dir='ltr'>praesentibus,</span> <span class='ocrx_word' id='word_1_246' title='bbox 794 2517 817 2549; x_wconf 87' lang='lat' dir='ltr'>si</span> <span class='ocrx_word' id='word_1_247' title='bbox 837 2517 937 2550; x_wconf 77' lang='lat' dir='ltr'>forent</span> <span class='ocrx_word' id='word_1_248' title='bbox 958 2517 1112 2551; x_wconf 83' lang='lat' dir='ltr'>exhibitae</span> <span class='ocrx_word' id='word_1_249' title='bbox 1137 2518 1183 2550; x_wconf 91' lang='lat' dir='ltr'>vel</span> 
     </span>
     <span class='ocr_line' id='line_1_50' title="bbox 448 2571 598 2600; baseline -0.007 -1"><span class='ocrx_word' id='word_1_250' title='bbox 448 2571 598 2600; x_wconf 81' lang='lat' dir='ltr'>ostensae.</span> 
     </span>
    </p>
   </div>
   <div class='ocr_carea' id='block_1_7' title="bbox 1192 230 1204 2548">
    <p class='ocr_par' dir='ltr' id='par_1_10' title="bbox 1192 230 1204 2548">
     <span class='ocr_line' id='line_1_51' title="bbox 1192 230 1204 2548; baseline 0 0"><span class='ocrx_word' id='word_1_251' title='bbox 1192 230 1204 2548; x_wconf 95' lang='lat' dir='ltr'> </span> 
     </span>
    </p>
   </div>
   <div class='ocr_carea' id='block_1_8' title="bbox 1023 177 1378 202">
    <p class='ocr_par' dir='ltr' id='par_1_11' title="bbox 1023 177 1378 202">
     <span class='ocr_line' id='line_1_52' title="bbox 1023 177 1378 202; baseline 0.003 -2"><span class='ocrx_word' id='word_1_252' title='bbox 1023 177 1200 202; x_wconf 78' lang='lat' dir='ltr'>BULLARIUM</span> <span class='ocrx_word' id='word_1_253' title='bbox 1227 177 1378 202; x_wconf 77' lang='lat' dir='ltr'><strong>ROMANUM</strong></span> 
     </span>
    </p>
   </div>
   <div class='ocr_carea' id='block_1_9' title="bbox 1209 225 1946 429">
    <p class='ocr_par' dir='ltr' id='par_1_12' title="bbox 1209 225 1946 374">
     <span class='ocr_line' id='line_1_53' title="bbox 1252 225 1946 269; baseline 0.004 -12"><span class='ocrx_word' id='word_1_254' title='bbox 1252 225 1363 257; x_wconf 89' lang='lat' dir='ltr'>Datum</span> <span class='ocrx_word' id='word_1_255' title='bbox 1389 225 1526 265; x_wconf 80' lang='lat' dir='ltr'>Romae,</span> <span class='ocrx_word' id='word_1_256' title='bbox 1551 225 1633 269; x_wconf 89' lang='lat' dir='ltr'>apud</span> <span class='ocrx_word' id='word_1_257' title='bbox 1658 226 1686 259; x_wconf 90' lang='lat' dir='ltr'>S.</span> <span class='ocrx_word' id='word_1_258' title='bbox 1702 226 1828 259; x_wconf 82' lang='lat' dir='ltr'>Mariam</span> <span class='ocrx_word' id='word_1_259' title='bbox 1853 227 1946 261; x_wconf 89' lang='lat' dir='ltr'>Maio-</span> 
     </span>
     <span class='ocr_line' id='line_1_54' title="bbox 1209 278 1946 319; baseline 0.005 -9"><span class='ocrx_word' id='word_1_260' title='bbox 1209 289 1286 317; x_wconf 87' lang='lat' dir='ltr'>rem,</span> <span class='ocrx_word' id='word_1_261' title='bbox 1304 278 1361 311; x_wconf 90' lang='lat' dir='ltr'>sub</span> <span class='ocrx_word' id='word_1_262' title='bbox 1377 278 1493 311; x_wconf 89' lang='lat' dir='ltr'>annulo</span> <span class='ocrx_word' id='word_1_263' title='bbox 1511 278 1686 319; x_wconf 77' lang='lat' dir='ltr'>piscatoris,</span> <span class='ocrx_word' id='word_1_264' title='bbox 1698 279 1748 311; x_wconf 91' lang='lat' dir='ltr'>die</span> <span class='ocrx_word' id='word_1_265' title='bbox 1765 289 1798 312; x_wconf 86' lang='lat'>111</span> <span class='ocrx_word' id='word_1_266' title='bbox 1815 280 1946 314; x_wconf 87' lang='lat' dir='ltr'>ianuarii</span> 
     </span>
     <span class='ocr_line' id='line_1_55' title="bbox 1209 330 1835 374; baseline 0.003 -11"><span class='ocrx_word' id='word_1_267' title='bbox 1209 340 1347 371; x_wconf 73' lang='lat' dir='ltr'>nnetxu,</span> <span class='ocrx_word' id='word_1_268' title='bbox 1363 330 1563 374; x_wconf 84' lang='lat' dir='ltr'>pontificatus</span> <span class='ocrx_word' id='word_1_269' title='bbox 1575 331 1674 365; x_wconf 83' lang='lat' dir='ltr'>nostri</span> <span class='ocrx_word' id='word_1_270' title='bbox 1688 341 1768 364; x_wconf 90' lang='lat' dir='ltr'>anno</span> <span class='ocrx_word' id='word_1_271' title='bbox 1783 341 1835 365; x_wconf 91' lang='lat' dir='ltr'>v11.</span> 
     </span>
    </p>

    <p class='ocr_par' dir='ltr' id='par_1_13' title="bbox 1246 392 1849 429">
     <span class='ocr_line' id='line_1_56' title="bbox 1246 392 1849 429; baseline 0.002 -10"><span class='ocrx_word' id='word_1_272' title='bbox 1246 392 1303 419; x_wconf 85' lang='lat' dir='ltr'>Dat.</span> <span class='ocrx_word' id='word_1_273' title='bbox 1320 392 1362 419; x_wconf 84' lang='lat' dir='ltr'>die</span> <span class='ocrx_word' id='word_1_274' title='bbox 1378 394 1392 420; x_wconf 83' lang='lat'><strong>3</strong></span> <span class='ocrx_word' id='word_1_275' title='bbox 1404 392 1520 420; x_wconf 83' lang='lat' dir='ltr'>ianuarii</span> <span class='ocrx_word' id='word_1_276' title='bbox 1538 393 1614 428; x_wconf 75' lang='lat'>1662,</span> <span class='ocrx_word' id='word_1_277' title='bbox 1631 393 1726 429; x_wconf 82' lang='lat' dir='ltr'>pontif.</span> <span class='ocrx_word' id='word_1_278' title='bbox 1743 401 1787 421; x_wconf 86' lang='lat' dir='ltr'>an.</span> <span class='ocrx_word' id='word_1_279' title='bbox 1803 400 1849 420; x_wconf 86' lang='lat' dir='ltr'>vn.</span> 
     </span>
    </p>
   </div>
   <div class='ocr_carea' id='block_1_10' title="bbox 1487 535 1670 569">
    <p class='ocr_par' dir='ltr' id='par_1_14' title="bbox 1487 535 1670 569">
     <span class='ocr_line' id='line_1_57' title="bbox 1487 535 1670 569; baseline -0.005 0"><span class='ocrx_word' id='word_1_280' title='bbox 1487 535 1670 569; x_wconf 86' lang='lat' dir='ltr'>CCCLXXII.</span> 
     </span>
    </p>
   </div>
   <div class='ocr_carea' id='block_1_11' title="bbox 1215 615 1951 817">
    <p class='ocr_par' dir='ltr' id='par_1_15' title="bbox 1215 615 1951 817">
     <span class='ocr_line' id='line_1_58' title="bbox 1215 615 1950 659; baseline 0 -11"><span class='ocrx_word' id='word_1_281' title='bbox 1215 615 1253 648; x_wconf 76' lang='lat' dir='ltr'>Ut</span> <span class='ocrx_word' id='word_1_282' title='bbox 1277 621 1420 648; x_wconf 77' lang='lat' dir='ltr'>servetur</span> <span class='ocrx_word' id='word_1_283' title='bbox 1437 616 1535 648; x_wconf 79' lang='lat' dir='ltr'>Breve</span> <span class='ocrx_word' id='word_1_284' title='bbox 1554 616 1744 648; x_wconf 80' lang='lat' dir='ltr'>Sanctitatis</span> <span class='ocrx_word' id='word_1_285' title='bbox 1756 615 1841 649; x_wconf 83' lang='lat' dir='ltr'>Suae</span> <span class='ocrx_word' id='word_1_286' title='bbox 1853 626 1950 659; x_wconf 79' lang='lat' dir='ltr'>super</span> 
     </span>
     <span class='ocr_line' id='line_1_59' title="bbox 1256 668 1950 712; baseline 0.001 -12"><span class='ocrx_word' id='word_1_287' title='bbox 1256 669 1402 711; x_wconf 70' lang='lat' dir='ltr'>z&#39;nyressu</span> <span class='ocrx_word' id='word_1_288' title='bbox 1423 673 1555 712; x_wconf 77' lang='lat' dir='ltr'>patrum</span> <span class='ocrx_word' id='word_1_289' title='bbox 1578 668 1765 712; x_wconf 73' lang='lat' dir='ltr'>provinciae</span> <span class='ocrx_word' id='word_1_290' title='bbox 1788 668 1950 701; x_wconf 84' lang='lat' dir='ltr'>Turoniae</span> 
     </span>
     <span class='ocr_line' id='line_1_60' title="bbox 1258 721 1951 756; baseline 0.001 -2"><span class='ocrx_word' id='word_1_291' title='bbox 1258 721 1392 755; x_wconf 79' lang='lat' dir='ltr'>Ordinis</span> <span class='ocrx_word' id='word_1_292' title='bbox 1411 723 1516 755; x_wconf 80' lang='lat' dir='ltr'>sancti</span> <span class='ocrx_word' id='word_1_293' title='bbox 1532 722 1563 755; x_wconf 90' lang='lat' dir='ltr'><em>F</em></span> <span class='ocrx_word' id='word_1_294' title='bbox 1562 722 1702 755; x_wconf 82' lang='lat' dir='ltr'>rancisci</span> <span class='ocrx_word' id='word_1_295' title='bbox 1720 721 1757 755; x_wconf 83' lang='lat' dir='ltr'>de</span> <span class='ocrx_word' id='word_1_296' title='bbox 1775 721 1951 756; x_wconf 82' lang='lat' dir='ltr'>Observan-</span> 
     </span>
     <span class='ocr_line' id='line_1_61' title="bbox 1258 773 1742 817; baseline 0 -10"><span class='ocrx_word' id='word_1_297' title='bbox 1258 775 1305 807; x_wconf 68' lang='lat' dir='ltr'>tici</span> <span class='ocrx_word' id='word_1_298' title='bbox 1329 775 1366 807; x_wconf 78' lang='lat' dir='ltr'>in</span> <span class='ocrx_word' id='word_1_299' title='bbox 1390 774 1625 817; x_wconf 77' lang='lat' dir='ltr'>definitorium,</span> <span class='ocrx_word' id='word_1_300' title='bbox 1653 773 1742 808; x_wconf 83' lang='lat' dir='ltr'>etc.¹.</span> 
     </span>
    </p>
   </div>
   <div class='ocr_carea' id='block_1_12' title="bbox 1358 852 1807 924">
    <p class='ocr_par' dir='ltr' id='par_1_16' title="bbox 1358 852 1807 924">
     <span class='ocr_line' id='line_1_62' title="bbox 1408 852 1752 886; baseline -0.003 -6"><span class='ocrx_word' id='word_1_301' title='bbox 1408 853 1572 880; x_wconf 78' lang='lat' dir='ltr'>Alexander</span> <span class='ocrx_word' id='word_1_302' title='bbox 1592 853 1670 886; x_wconf 85' lang='lat' dir='ltr'>Papa</span> <span class='ocrx_word' id='word_1_303' title='bbox 1689 852 1752 886; x_wconf 85' lang='lat' dir='ltr'>vu,</span> 
     </span>
     <span class='ocr_line' id='line_1_63' title="bbox 1358 897 1807 924; baseline 0.002 -1"><span class='ocrx_word' id='word_1_304' title='bbox 1358 898 1393 923; x_wconf 88' lang='lat' dir='ltr'>ad</span> <span class='ocrx_word' id='word_1_305' title='bbox 1409 897 1541 924; x_wconf 78' lang='lat' dir='ltr'>futuram</span> <span class='ocrx_word' id='word_1_306' title='bbox 1561 897 1605 924; x_wconf 88' lang='lat' dir='ltr'>rei</span> <span class='ocrx_word' id='word_1_307' title='bbox 1624 897 1807 924; x_wconf 86' lang='lat' dir='ltr'>memoriam.</span> 
     </span>
    </p>
   </div>
   <div class='ocr_carea' id='block_1_13' title="bbox 1213 966 1958 2509">
    <p class='ocr_par' dir='ltr' id='par_1_17' title="bbox 1213 966 1958 2509">
     <span class='ocr_line' id='line_1_64' title="bbox 1257 966 1951 1010; baseline 0.003 -12"><span class='ocrx_word' id='word_1_308' title='bbox 1257 966 1272 1009; x_wconf 63' lang='grc' dir='ltr'><strong>ἓ</strong></span> <span class='ocrx_word' id='word_1_309' title='bbox 1286 966 1314 998; x_wconf 91' lang='grc'>1.</span> <span class='ocrx_word' id='word_1_310' title='bbox 1329 966 1411 999; x_wconf 80' lang='lat' dir='ltr'>Alias</span> <span class='ocrx_word' id='word_1_311' title='bbox 1428 977 1486 1010; x_wconf 91' lang='lat' dir='ltr'>pro</span> <span class='ocrx_word' id='word_1_312' title='bbox 1503 971 1591 1010; x_wconf 88' lang='lat' dir='ltr'>parte</span> <span class='ocrx_word' id='word_1_313' title='bbox 1607 966 1795 1000; x_wconf 87' lang='lat' dir='ltr'>dilectorum</span> <span class='ocrx_word' id='word_1_314' title='bbox 1813 966 1951 1000; x_wconf 81' lang='lat' dir='ltr'>filiorum</span> 
     </span>
     <span class='ocr_line' id='line_1_65' title="bbox 1213 1019 1952 1064; baseline 0.003 -13"><span class='ocrx_word' id='word_1_315' title='bbox 1213 1019 1344 1052; x_wconf 82' lang='lat' dir='ltr'>fratrum</span> <span class='ocrx_word' id='word_1_316' title='bbox 1370 1019 1510 1052; x_wconf 89' lang='lat' dir='ltr'>omnium</span> <span class='ocrx_word' id='word_1_317' title='bbox 1535 1019 1771 1063; x_wconf 85' lang='lat' dir='ltr'>provinciarum</span> <span class='ocrx_word' id='word_1_318' title='bbox 1800 1019 1833 1053; x_wconf 91' lang='lat' dir='ltr'>in</span> <span class='ocrx_word' id='word_1_319' title='bbox 1852 1029 1952 1064; x_wconf 84' lang='lat' dir='ltr'>regno</span> 
     </span>
     <span class='ocr_line' id='line_1_66' title="bbox 1215 1073 1952 1107; baseline 0.003 -2"><span class='ocrx_word' id='word_1_320' title='bbox 1215 1073 1364 1106; x_wconf 87' lang='lat' dir='ltr'>Franciae</span> <span class='ocrx_word' id='word_1_321' title='bbox 1395 1073 1635 1107; x_wconf 86' lang='lat' dir='ltr'>constitutarum</span> <span class='ocrx_word' id='word_1_322' title='bbox 1665 1073 1789 1106; x_wconf 90' lang='lat' dir='ltr'>Ordinis</span> <span class='ocrx_word' id='word_1_323' title='bbox 1820 1073 1952 1107; x_wconf 84' lang='lat' dir='ltr'>fratrum</span> 
     </span>
     <span class='ocr_line' id='line_1_67' title="bbox 1215 1126 1953 1161; baseline 0.001 -2"><span class='ocrx_word' id='word_1_324' title='bbox 1215 1127 1369 1160; x_wconf 89' lang='lat' dir='ltr'>Minorum</span> <span class='ocrx_word' id='word_1_325' title='bbox 1392 1127 1489 1160; x_wconf 88' lang='lat' dir='ltr'>sancti</span> <span class='ocrx_word' id='word_1_326' title='bbox 1507 1127 1666 1160; x_wconf 88' lang='lat' dir='ltr'>Francisci</span> <span class='ocrx_word' id='word_1_327' title='bbox 1686 1127 1724 1160; x_wconf 91' lang='lat' dir='ltr'>de</span> <span class='ocrx_word' id='word_1_328' title='bbox 1749 1126 1953 1161; x_wconf 74' lang='lat' dir='ltr'>Observantia</span> 
     </span>
     <span class='ocr_line' id='line_1_68' title="bbox 1214 1180 1953 1224; baseline 0.001 -12"><span class='ocrx_word' id='word_1_329' title='bbox 1214 1184 1467 1223; x_wconf 86' lang='lat' dir='ltr'>nuncupatorum</span> <span class='ocrx_word' id='word_1_330' title='bbox 1485 1180 1575 1213; x_wconf 88' lang='lat' dir='ltr'>nobis</span> <span class='ocrx_word' id='word_1_331' title='bbox 1590 1180 1742 1224; x_wconf 81' lang='lat' dir='ltr'>exposito,</span> <span class='ocrx_word' id='word_1_332' title='bbox 1756 1181 1840 1224; x_wconf 88' lang='lat' dir='ltr'>quod</span> <span class='ocrx_word' id='word_1_333' title='bbox 1853 1186 1953 1221; x_wconf 88' lang='lat' dir='ltr'>antea,</span> 
     </span>
     <span class='ocr_line' id='line_1_69' title="bbox 1214 1234 1953 1277; baseline 0.003 -11"><span class='ocrx_word' id='word_1_334' title='bbox 1214 1239 1380 1277; x_wconf 87' lang='lat' dir='ltr'>postquam</span> <span class='ocrx_word' id='word_1_335' title='bbox 1399 1244 1416 1266; x_wconf 91' lang='lat' dir='ltr'>a</span> <span class='ocrx_word' id='word_1_336' title='bbox 1433 1234 1530 1266; x_wconf 85' lang='lat' dir='ltr'>felicis</span> <span class='ocrx_word' id='word_1_337' title='bbox 1555 1234 1782 1268; x_wconf 86' lang='lat' dir='ltr'>recordationis</span> <span class='ocrx_word' id='word_1_338' title='bbox 1798 1234 1953 1277; x_wconf 85' lang='lat' dir='ltr'>Gregorio</span> 
     </span>
     <span class='ocr_line' id='line_1_70' title="bbox 1214 1287 1954 1331; baseline 0 -11"><span class='ocrx_word' id='word_1_339' title='bbox 1214 1288 1296 1331; x_wconf 86' lang='lat' dir='ltr'>Papa</span> <span class='ocrx_word' id='word_1_340' title='bbox 1310 1288 1359 1320; x_wconf 84' lang='lat' dir='ltr'>XV</span> <span class='ocrx_word' id='word_1_341' title='bbox 1371 1287 1612 1330; x_wconf 81' lang='lat' dir='ltr'>praedecessore</span> <span class='ocrx_word' id='word_1_342' title='bbox 1625 1293 1734 1321; x_wconf 90' lang='lat' dir='ltr'>nostro</span> <span class='ocrx_word' id='word_1_343' title='bbox 1754 1293 1954 1321; x_wconf 84' lang='lat' dir='ltr'>emanaverat</span> 
     </span>
     <span class='ocr_line' id='line_1_71' title="bbox 1215 1341 1956 1385; baseline 0 -11"><span class='ocrx_word' id='word_1_344' title='bbox 1215 1341 1396 1374; x_wconf 89' lang='lat' dir='ltr'>constitutio</span> <span class='ocrx_word' id='word_1_345' title='bbox 1410 1341 1564 1384; x_wconf 84' lang='lat' dir='ltr'>specialis,</span> <span class='ocrx_word' id='word_1_346' title='bbox 1582 1351 1639 1384; x_wconf 91' lang='lat' dir='ltr'>pro</span> <span class='ocrx_word' id='word_1_347' title='bbox 1659 1341 1830 1385; x_wconf 89' lang='lat' dir='ltr'>provinciis</span> <span class='ocrx_word' id='word_1_348' title='bbox 1848 1341 1956 1385; x_wconf 90' lang='lat' dir='ltr'>Hispa-</span> 
     </span>
     <span class='ocr_line' id='line_1_72' title="bbox 1214 1394 1955 1438; baseline 0.003 -12"><span class='ocrx_word' id='word_1_349' title='bbox 1214 1395 1337 1427; x_wconf 83' lang='lat' dir='ltr'>niarum</span> <span class='ocrx_word' id='word_1_350' title='bbox 1352 1399 1382 1426; x_wconf 90' lang='lat' dir='ltr'>et</span> <span class='ocrx_word' id='word_1_351' title='bbox 1399 1394 1558 1426; x_wconf 88' lang='lat' dir='ltr'>Indiarum</span> <span class='ocrx_word' id='word_1_352' title='bbox 1582 1394 1707 1427; x_wconf 83' lang='lat' dir='ltr'>Ordinis</span> <span class='ocrx_word' id='word_1_353' title='bbox 1719 1395 1851 1438; x_wconf 77' lang='lat' dir='ltr'>praefati</span> <span class='ocrx_word' id='word_1_354' title='bbox 1865 1395 1955 1428; x_wconf 87' lang='lat' dir='ltr'>dum-</span> 
     </span>
     <span class='ocr_line' id='line_1_73' title="bbox 1216 1448 1954 1493; baseline 0.003 -13"><span class='ocrx_word' id='word_1_355' title='bbox 1216 1453 1307 1491; x_wconf 80' lang='lat' dir='ltr'>taxat,</span> <span class='ocrx_word' id='word_1_356' title='bbox 1333 1458 1441 1481; x_wconf 89' lang='lat' dir='ltr'>omnes</span> <span class='ocrx_word' id='word_1_357' title='bbox 1461 1454 1574 1491; x_wconf 83' lang='lat' dir='ltr'>patres,</span> <span class='ocrx_word' id='word_1_358' title='bbox 1599 1448 1799 1491; x_wconf 81' lang='lat' dir='ltr'>provinciae,</span> <span class='ocrx_word' id='word_1_359' title='bbox 1824 1453 1954 1493; x_wconf 86' lang='lat' dir='ltr'>excepto</span> 
     </span>
     <span class='ocr_line' id='line_1_74' title="bbox 1216 1501 1957 1545; baseline 0.001 -11"><span class='ocrx_word' id='word_1_360' title='bbox 1216 1501 1452 1545; x_wconf 82' lang='lat' dir='ltr'>exprovinciali‚</span> <span class='ocrx_word' id='word_1_361' title='bbox 1477 1501 1516 1533; x_wconf 86' lang='lat' dir='ltr'>ab</span> <span class='ocrx_word' id='word_1_362' title='bbox 1545 1501 1690 1544; x_wconf 84' lang='lat' dir='ltr'>ingressu</span> <span class='ocrx_word' id='word_1_363' title='bbox 1713 1502 1884 1535; x_wconf 85' lang='lat' dir='ltr'>definitorii</span> <span class='ocrx_word' id='word_1_364' title='bbox 1907 1512 1957 1535; x_wconf 84' lang='lat' dir='ltr'>ex-</span> 
     </span>
     <span class='ocr_line' id='line_1_75' title="bbox 1216 1554 1954 1595; baseline 0.001 -8"><span class='ocrx_word' id='word_1_365' title='bbox 1216 1555 1362 1595; x_wconf 85' lang='lat' dir='ltr'>cludens,</span> <span class='ocrx_word' id='word_1_366' title='bbox 1394 1554 1580 1588; x_wconf 86' lang='lat' dir='ltr'>recolendae</span> <span class='ocrx_word' id='word_1_367' title='bbox 1606 1555 1777 1588; x_wconf 88' lang='lat' dir='ltr'>memoriae</span> <span class='ocrx_word' id='word_1_368' title='bbox 1809 1555 1954 1588; x_wconf 86' lang='lat' dir='ltr'>Urbanus</span> 
     </span>
     <span class='ocr_line' id='line_1_76' title="bbox 1217 1608 1956 1652; baseline 0.003 -11"><span class='ocrx_word' id='word_1_369' title='bbox 1217 1610 1298 1652; x_wconf 87' lang='lat' dir='ltr'>Papa</span> <span class='ocrx_word' id='word_1_370' title='bbox 1315 1609 1379 1641; x_wconf 87' lang='lat' dir='ltr'>Vlll</span> <span class='ocrx_word' id='word_1_371' title='bbox 1397 1608 1489 1641; x_wconf 88' lang='lat' dir='ltr'>etiam</span> <span class='ocrx_word' id='word_1_372' title='bbox 1517 1608 1742 1652; x_wconf 86' lang='lat' dir='ltr'>praedecessor</span> <span class='ocrx_word' id='word_1_373' title='bbox 1766 1614 1872 1642; x_wconf 88' lang='lat' dir='ltr'>noster</span> <span class='ocrx_word' id='word_1_374' title='bbox 1886 1620 1956 1643; x_wconf 88' lang='lat' dir='ltr'>con-</span> 
     </span>
     <span class='ocr_line' id='line_1_77' title="bbox 1216 1662 1954 1696; baseline 0.003 -2"><span class='ocrx_word' id='word_1_375' title='bbox 1216 1663 1410 1696; x_wconf 88' lang='lat' dir='ltr'>stitutionem</span> <span class='ocrx_word' id='word_1_376' title='bbox 1434 1662 1616 1695; x_wconf 90' lang='lat' dir='ltr'>huiusmodi</span> <span class='ocrx_word' id='word_1_377' title='bbox 1634 1662 1672 1695; x_wconf 87' lang='lat' dir='ltr'>ad</span> <span class='ocrx_word' id='word_1_378' title='bbox 1690 1667 1786 1696; x_wconf 89' lang='lat' dir='ltr'>totam</span> <span class='ocrx_word' id='word_1_379' title='bbox 1804 1663 1954 1696; x_wconf 87' lang='lat' dir='ltr'>familiam</span> 
     </span>
     <span class='ocr_line' id='line_1_78' title="bbox 1217 1715 1956 1760; baseline 0.001 -12"><span class='ocrx_word' id='word_1_380' title='bbox 1217 1716 1479 1750; x_wconf 89' lang='lat' dir='ltr'>ultramontanam</span> <span class='ocrx_word' id='word_1_381' title='bbox 1507 1715 1580 1748; x_wconf 86' lang='lat' dir='ltr'>dicti</span> <span class='ocrx_word' id='word_1_382' title='bbox 1605 1715 1729 1749; x_wconf 89' lang='lat' dir='ltr'>Ordinis</span> <span class='ocrx_word' id='word_1_383' title='bbox 1746 1726 1802 1760; x_wconf 89' lang='lat' dir='ltr'>per</span> <span class='ocrx_word' id='word_1_384' title='bbox 1828 1727 1899 1749; x_wconf 90' lang='lat' dir='ltr'>suas</span> <span class='ocrx_word' id='word_1_385' title='bbox 1924 1716 1956 1749; x_wconf 92' lang='lat' dir='ltr'>in</span> 
     </span>
     <span class='ocr_line' id='line_1_79' title="bbox 1217 1769 1956 1812; baseline 0.003 -11"><span class='ocrx_word' id='word_1_386' title='bbox 1217 1769 1310 1801; x_wconf 88' lang='lat' dir='ltr'>simili</span> <span class='ocrx_word' id='word_1_387' title='bbox 1336 1770 1437 1803; x_wconf 77' lang='lat' dir='ltr'>forma</span> <span class='ocrx_word' id='word_1_388' title='bbox 1460 1769 1567 1802; x_wconf 84' lang='lat' dir='ltr'>Brevis</span> <span class='ocrx_word' id='word_1_389' title='bbox 1599 1769 1718 1802; x_wconf 88' lang='lat' dir='ltr'>litteras</span> <span class='ocrx_word' id='word_1_390' title='bbox 1753 1770 1956 1812; x_wconf 85' lang='lat' dir='ltr'>extenderat,</span> 
     </span>
     <span class='ocr_line' id='line_1_80' title="bbox 1217 1823 1953 1867; baseline 0.001 -12"><span class='ocrx_word' id='word_1_391' title='bbox 1217 1833 1252 1855; x_wconf 86' lang='lat' dir='ltr'>ac</span> <span class='ocrx_word' id='word_1_392' title='bbox 1284 1823 1316 1855; x_wconf 89' lang='lat' dir='ltr'>in</span> <span class='ocrx_word' id='word_1_393' title='bbox 1349 1823 1562 1856; x_wconf 74' lang='lat' dir='ltr'>definitorium</span> <span class='ocrx_word' id='word_1_394' title='bbox 1594 1823 1686 1856; x_wconf 87' lang='lat' dir='ltr'>etiam</span> <span class='ocrx_word' id='word_1_395' title='bbox 1722 1827 1842 1866; x_wconf 88' lang='lat' dir='ltr'>patrem</span> <span class='ocrx_word' id='word_1_396' title='bbox 1874 1833 1953 1867; x_wconf 86' lang='lat' dir='ltr'>pro—</span> 
     </span>
     <span class='ocr_line' id='line_1_81' title="bbox 1218 1876 1956 1920; baseline 0 -11"><span class='ocrx_word' id='word_1_397' title='bbox 1218 1876 1338 1909; x_wconf 89' lang='lat' dir='ltr'>vinciae</span> <span class='ocrx_word' id='word_1_398' title='bbox 1362 1877 1572 1920; x_wconf 87' lang='lat' dir='ltr'>antiquiorem</span> <span class='ocrx_word' id='word_1_399' title='bbox 1598 1876 1717 1910; x_wconf 82' lang='lat' dir='ltr'>admitti</span> <span class='ocrx_word' id='word_1_400' title='bbox 1735 1876 1956 1918; x_wconf 82' lang='lat' dir='ltr'>ordinaverat,</span> 
     </span>
     <span class='ocr_line' id='line_1_82' title="bbox 1218 1930 1953 1974; baseline 0.001 -12"><span class='ocrx_word' id='word_1_401' title='bbox 1218 1930 1311 1974; x_wconf 87' lang='lat' dir='ltr'>idque</span> <span class='ocrx_word' id='word_1_402' title='bbox 1336 1930 1469 1963; x_wconf 86' lang='lat' dir='ltr'>instante</span> <span class='ocrx_word' id='word_1_403' title='bbox 1494 1930 1632 1974; x_wconf 85' lang='lat' dir='ltr'>capitulo</span> <span class='ocrx_word' id='word_1_404' title='bbox 1660 1930 1799 1973; x_wconf 79' lang='lat' dir='ltr'>generali</span> <span class='ocrx_word' id='word_1_405' title='bbox 1829 1940 1953 1963; x_wconf 90' lang='lat' dir='ltr'>memo—</span> 
     </span>
     <span class='ocr_line' id='line_1_83' title="bbox 1219 1983 1955 2017; baseline -0.001 -1"><span class='ocrx_word' id='word_1_406' title='bbox 1219 1983 1276 2016; x_wconf 92' lang='lat' dir='ltr'>rati</span> <span class='ocrx_word' id='word_1_407' title='bbox 1301 1983 1425 2016; x_wconf 88' lang='lat' dir='ltr'>Ordinis</span> <span class='ocrx_word' id='word_1_408' title='bbox 1454 1983 1492 2017; x_wconf 89' lang='lat' dir='ltr'>de</span> <span class='ocrx_word' id='word_1_409' title='bbox 1516 1994 1597 2017; x_wconf 87' lang='lat' dir='ltr'>anno</span> <span class='ocrx_word' id='word_1_410' title='bbox 1627 1993 1792 2017; x_wconf 75' lang='lat' dir='ltr'>itincxxxlx</span> <span class='ocrx_word' id='word_1_411' title='bbox 1817 1983 1847 2016; x_wconf 92' lang='lat' dir='ltr'>in</span> <span class='ocrx_word' id='word_1_412' title='bbox 1872 1984 1955 2016; x_wconf 73' lang='lat' dir='ltr'>alma</span> 
     </span>
     <span class='ocr_line' id='line_1_84' title="bbox 1219 2037 1957 2081; baseline 0 -11"><span class='ocrx_word' id='word_1_413' title='bbox 1219 2037 1302 2070; x_wconf 86' lang='lat' dir='ltr'>Urbe</span> <span class='ocrx_word' id='word_1_414' title='bbox 1327 2038 1501 2078; x_wconf 88' lang='lat' dir='ltr'>celebrato,</span> <span class='ocrx_word' id='word_1_415' title='bbox 1527 2038 1576 2071; x_wconf 89' lang='lat' dir='ltr'>cui</span> <span class='ocrx_word' id='word_1_416' title='bbox 1601 2038 1723 2071; x_wconf 87' lang='lat' dir='ltr'>vocales</span> <span class='ocrx_word' id='word_1_417' title='bbox 1746 2037 1957 2081; x_wconf 79' lang='lat' dir='ltr'>praefatarum</span> 
     </span>
     <span class='ocr_line' id='line_1_85' title="bbox 1218 2091 1956 2134; baseline 0.001 -11"><span class='ocrx_word' id='word_1_418' title='bbox 1218 2091 1452 2134; x_wconf 87' lang='lat' dir='ltr'>provinciarum</span> <span class='ocrx_word' id='word_1_419' title='bbox 1480 2091 1567 2134; x_wconf 76' lang='lat' dir='ltr'>regni</span> <span class='ocrx_word' id='word_1_420' title='bbox 1592 2091 1741 2124; x_wconf 87' lang='lat' dir='ltr'>Franciae</span> <span class='ocrx_word' id='word_1_421' title='bbox 1766 2091 1806 2123; x_wconf 93' lang='lat' dir='ltr'>ob</span> <span class='ocrx_word' id='word_1_422' title='bbox 1829 2101 1956 2134; x_wconf 85' lang='lat' dir='ltr'>expres-</span> 
     </span>
     <span class='ocr_line' id='line_1_86' title="bbox 1219 2144 1957 2188; baseline 0.001 -12"><span class='ocrx_word' id='word_1_423' title='bbox 1219 2155 1283 2177; x_wconf 88' lang='lat' dir='ltr'>sam</span> <span class='ocrx_word' id='word_1_424' title='bbox 1309 2144 1554 2188; x_wconf 89' lang='lat' dir='ltr'>prohibitionem</span> <span class='ocrx_word' id='word_1_425' title='bbox 1581 2144 1625 2177; x_wconf 90' lang='lat' dir='ltr'>eis</span> <span class='ocrx_word' id='word_1_426' title='bbox 1655 2155 1672 2177; x_wconf 88' lang='lat' dir='ltr'>a</span> <span class='ocrx_word' id='word_1_427' title='bbox 1701 2149 1774 2177; x_wconf 87' lang='lat' dir='ltr'>tunc</span> <span class='ocrx_word' id='word_1_428' title='bbox 1807 2145 1957 2178; x_wconf 85' lang='lat' dir='ltr'>existente</span> 
     </span>
     <span class='ocr_line' id='line_1_87' title="bbox 1219 2197 1956 2241; baseline 0 -10"><span class='ocrx_word' id='word_1_429' title='bbox 1219 2199 1412 2231; x_wconf 86' lang='lat' dir='ltr'>Francorum</span> <span class='ocrx_word' id='word_1_430' title='bbox 1450 2209 1525 2241; x_wconf 84' lang='lat' dir='ltr'>rege</span> <span class='ocrx_word' id='word_1_431' title='bbox 1557 2197 1815 2232; x_wconf 84' lang='lat' dir='ltr'>christianissimo</span> <span class='ocrx_word' id='word_1_432' title='bbox 1847 2198 1956 2231; x_wconf 86' lang='lat' dir='ltr'>saetam</span> 
     </span>
     <span class='ocr_line' id='line_1_88' title="bbox 1219 2251 1957 2296; baseline 0.001 -12"><span class='ocrx_word' id='word_1_433' title='bbox 1219 2262 1281 2285; x_wconf 91' lang='lat' dir='ltr'>non</span> <span class='ocrx_word' id='word_1_434' title='bbox 1307 2252 1522 2292; x_wconf 82' lang='lat' dir='ltr'>interfuerant,</span> <span class='ocrx_word' id='word_1_435' title='bbox 1548 2257 1643 2296; x_wconf 89' lang='lat' dir='ltr'>prout</span> <span class='ocrx_word' id='word_1_436' title='bbox 1666 2262 1723 2285; x_wconf 88' lang='lat' dir='ltr'>nec</span> <span class='ocrx_word' id='word_1_437' title='bbox 1748 2251 1885 2296; x_wconf 88' lang='lat' dir='ltr'>capitulo</span> <span class='ocrx_word' id='word_1_438' title='bbox 1902 2262 1957 2295; x_wconf 83' lang='lat' dir='ltr'>ge·</span> 
     </span>
     <span class='ocr_line' id='line_1_89' title="bbox 1219 2305 1957 2339; baseline 0 -1"><span class='ocrx_word' id='word_1_439' title='bbox 1219 2306 1317 2338; x_wconf 89' lang='lat' dir='ltr'>nerali</span> <span class='ocrx_word' id='word_1_440' title='bbox 1343 2306 1483 2339; x_wconf 90' lang='lat' dir='ltr'>eiusdem</span> <span class='ocrx_word' id='word_1_441' title='bbox 1498 2305 1622 2339; x_wconf 89' lang='lat' dir='ltr'>Ordinis</span> <span class='ocrx_word' id='word_1_442' title='bbox 1636 2305 1810 2339; x_wconf 88' lang='lat' dir='ltr'>successive</span> <span class='ocrx_word' id='word_1_443' title='bbox 1824 2305 1862 2338; x_wconf 89' lang='lat' dir='ltr'>de</span> <span class='ocrx_word' id='word_1_444' title='bbox 1876 2315 1957 2338; x_wconf 85' lang='lat' dir='ltr'>anno</span> 
     </span>
     <span class='ocr_line' id='line_1_90' title="bbox 1219 2358 1958 2399; baseline -0.001 -7"><span class='ocrx_word' id='word_1_445' title='bbox 1219 2369 1347 2392; x_wconf 70' lang='lat' dir='ltr'>MDcxrv</span> <span class='ocrx_word' id='word_1_446' title='bbox 1382 2359 1480 2392; x_wconf 78' lang='lat' dir='ltr'>&#39;soleti</span> <span class='ocrx_word' id='word_1_447' title='bbox 1516 2359 1645 2399; x_wconf 86' lang='lat' dir='ltr'>habito,</span> <span class='ocrx_word' id='word_1_448' title='bbox 1687 2358 1769 2391; x_wconf 91' lang='lat' dir='ltr'>unde</span> <span class='ocrx_word' id='word_1_449' title='bbox 1808 2358 1958 2391; x_wconf 85' lang='lat' dir='ltr'>adversus</span> 
     </span>
     <span class='ocr_line' id='line_1_91' title="bbox 1217 2413 1958 2456; baseline -0.001 -10"><span class='ocrx_word' id='word_1_450' title='bbox 1217 2413 1390 2456; x_wconf 85' lang='lat' dir='ltr'>praemissa</span> <span class='ocrx_word' id='word_1_451' title='bbox 1414 2413 1598 2453; x_wconf 86' lang='lat' dir='ltr'>reclamare,</span> <span class='ocrx_word' id='word_1_452' title='bbox 1618 2413 1852 2456; x_wconf 83' lang='lat' dir='ltr'>maximumque</span> <span class='ocrx_word' id='word_1_453' title='bbox 1869 2422 1958 2456; x_wconf 84' lang='lat' dir='ltr'>prae-</span> 
     </span>
     <span class='ocr_line' id='line_1_92' title="bbox 1218 2464 1956 2509; baseline -0.001 -11"><span class='ocrx_word' id='word_1_454' title='bbox 1218 2465 1369 2499; x_wconf 89' lang='lat' dir='ltr'>iudicium</span> <span class='ocrx_word' id='word_1_455' title='bbox 1387 2470 1416 2498; x_wconf 90' lang='lat' dir='ltr'>et</span> <span class='ocrx_word' id='word_1_456' title='bbox 1429 2465 1650 2500; x_wconf 87' lang='lat' dir='ltr'>detrimentum</span> <span class='ocrx_word' id='word_1_457' title='bbox 1664 2475 1721 2509; x_wconf 90' lang='lat' dir='ltr'>per</span> <span class='ocrx_word' id='word_1_458' title='bbox 1742 2464 1956 2498; x_wconf 82' lang='lat' dir='ltr'>extensionem</span> 
     </span>
    </p>
   </div>
   <div class='ocr_carea' id='block_1_14' title="bbox 1255 2579 1722 2615">
    <p class='ocr_par' dir='ltr' id='par_1_18' title="bbox 1255 2579 1722 2615">
     <span class='ocr_line' id='line_1_93' title="bbox 1255 2579 1722 2615; baseline -0.002 -9"><span class='ocrx_word' id='word_1_459' title='bbox 1255 2581 1265 2606; x_wconf 83' lang='lat'><strong>1</strong></span> <span class='ocrx_word' id='word_1_460' title='bbox 1290 2579 1326 2607; x_wconf 86' lang='lat' dir='ltr'>Ex</span> <span class='ocrx_word' id='word_1_461' title='bbox 1347 2580 1453 2615; x_wconf 84' lang='lat' dir='ltr'>Regest.</span> <span class='ocrx_word' id='word_1_462' title='bbox 1476 2580 1503 2607; x_wconf 92' lang='lat' dir='ltr'>in</span> <span class='ocrx_word' id='word_1_463' title='bbox 1522 2579 1623 2608; x_wconf 85' lang='lat' dir='ltr'>Secret.</span> <span class='ocrx_word' id='word_1_464' title='bbox 1645 2579 1722 2607; x_wconf 84' lang='lat' dir='ltr'>Brev.</span> 
     </span>
    </p>
   </div>
   <div class='ocr_carea' id='block_1_15' title="bbox 1960 179 2181 208">
    <p class='ocr_par' dir='ltr' id='par_1_19' title="bbox 1960 179 2181 208">
     <span class='ocr_line' id='line_1_94' title="bbox 1960 179 2181 208; baseline 0.018 -4"><span class='ocrx_word' id='word_1_465' title='bbox 1960 179 2009 204; x_wconf 78' lang='lat' dir='ltr'>An.</span> <span class='ocrx_word' id='word_1_466' title='bbox 2030 179 2056 205; x_wconf 91' lang='lat' dir='ltr'>C.</span> <span class='ocrx_word' id='word_1_467' title='bbox 2074 179 2142 207; x_wconf 76' lang='lat'><strong>1662</strong></span> <span class='ocrx_word' id='word_1_468' title='bbox 2177 186 2181 208; x_wconf 54' lang='lat'>¹&lt;</span> 
     </span>
    </p>
   </div>
   <div class='ocr_carea' id='block_1_16' title="bbox 1993 983 2109 1011">
    <p class='ocr_par' dir='ltr' id='par_1_20' title="bbox 1993 983 2109 1011">
     <span class='ocr_line' id='line_1_95' title="bbox 1993 983 2109 1011; baseline -0.009 -6"><span class='ocrx_word' id='word_1_469' title='bbox 1993 983 2109 1011; x_wconf 73' lang='lat' dir='ltr'>Exposiuo.</span> 
     </span>
    </p>
   </div>
   <div class='ocr_carea' id='block_1_17' title="bbox 2161 0 2202 1839">
    <p class='ocr_par' dir='ltr' id='par_1_21' title="bbox 2161 0 2202 1839">
     <span class='ocr_line' id='line_1_96' title="bbox 2161 0 2202 1839; baseline 0 0"><span class='ocrx_word' id='word_1_470' title='bbox 2161 0 2202 1839; x_wconf 95' lang='lat' dir='ltr'> </span> 
     </span>
    </p>
   </div>
  </div>
 </body>
</html>
