2243 3205
283 225 330 251 An.
351 225 380 252 c.
400 225 466 252 1660
512 217 576 251 592

480 272 553 314 tos¹,
578 273 629 317 qui
649 273 678 306 in
696 273 789 307 domo
807 274 935 318 publica
953 275 1053 310 dictae
1074 277 1215 320 civitatis,

479 332 531 359 aut
555 326 616 359 alio
641 327 710 360 loco
725 327 914 371 deputando,
932 329 970 362 de
987 329 1170 364 differentiis
1188 336 1217 364 et

479 379 665 421 discordiis,
690 391 769 425 quae
796 381 876 414 inter
902 389 1094 418 mercatores
1119 395 1212 418 occa·

479 434 565 466 sione
579 434 821 468 mercantiarum
834 435 1004 479 orirentur,
1015 449 1215 481 cognoscere,

479 492 509 520 et
525 486 598 520 eos⁹
615 498 807 532 componere
826 490 974 534 valerent,
996 496 1025 526 et
1044 502 1062 524 a
1082 502 1215 536 quorum

479 540 675 574 ordinatione
699 541 851 585 appellari
875 553 939 576 non
962 550 1076 588 posset,
1102 550 1131 578 et
1162 544 1216 577 de-

479 592 550 626 inde
591 594 661 637 piae
707 596 877 629 memoriae
916 597 1029 630 Paulus
1065 597 1147 641 Papa
1177 597 1216 631 111

477 647 561 691 quod
578 648 659 682 ultra
684 655 867 691 mercatum,
885 651 968 695 quod
988 651 1026 684 ab
1051 651 1216 684 immemo-

477 700 568 733 rabili
602 706 744 746 tempore
776 703 853 736 citra
884 704 915 736 in
951 704 1060 737 eadem
1094 703 1216 738 civitate

477 754 615 797 qualibet
638 754 689 788 die
705 755 827 790 veneris
844 766 880 790 ex
897 757 1099 790 concessione
1116 756 1217 790 dictae

478 805 566 839 Sedis
590 807 660 840 fieri
694 809 900 852 consueverit,
936 809 967 841 in
999 809 1137 853 qualibet
1167 808 1217 842 die

478 859 587 892 martis
605 859 636 892 in
660 860 769 893 eadem
789 861 911 895 civitate
936 861 1019 894 aliud
1043 862 1146 894 forum
1162 871 1216 894 seu

477 918 651 946 mercatum
689 925 760 947 cum
792 915 910 948 eisdem
943 914 1215 959 exemptionibus,

477 976 547 999 cum
574 966 687 1010 quibus
706 967 789 1000 aliud
814 967 863 1001 die'
888 967 1011 1001 veneris
1036 967 1215 1001 huiusmodi

477 1018 704 1062 celebrabatur,
723 1019 884 1054 celebrare
901 1021 1001 1054 libere
1017 1026 1046 1054 et
1061 1021 1146 1054 licite
1163 1031 1214 1053 va-

477 1071 587 1112 lerent,
602 1071 817 1114 indulserunt,
837 1074 966 1118 ipseque
983 1074 1096 1107 Paulus
1105 1074 1143 1107 Ill
1159 1079 1216 1106 sta-

477 1124 535 1157 tuit
560 1130 589 1158 et
613 1125 778 1168 ordinavit,
803 1127 886 1170 quod
912 1127 950 1160 de
975 1132 1079 1161 cetero
1103 1138 1216 1172 perpe-

477 1177 536 1211 tuis
560 1177 672 1211 futuris
697 1180 893 1224 temporibus
913 1190 1021 1213 omnes
1046 1185 1076 1213 et
1100 1180 1214 1223 singuli

476 1241 548 1264 aere
577 1231 680 1265 alieno
711 1233 848 1275 gravati,
874 1243 927 1266 seu
960 1233 1035 1265 alias
1068 1233 1214 1266 submissi

477 1284 525 1317 vel
550 1284 698 1328 obligati,
729 1285 767 1318 ad
792 1291 966 1319 mercatum
992 1286 1082 1319 dictis
1106 1286 1215 1319 diebus

477 1337 645 1379 venientes,
663 1343 724 1371 tam
742 1339 846 1372 eundo
862 1350 954 1383 quam
972 1339 1142 1382 redeundo,
1156 1350 1215 1383 pro

423 1407 432 1416 ν
477 1392 583 1426 debito
612 1393 693 1427 civili
723 1393 761 1426 ad
786 1394 918 1428 alicuius
944 1394 1121 1427 instantiam
1147 1394 1214 1438 capi

476 1453 529 1481 aut
552 1448 628 1480 alias
660 1448 897 1492 quomodolibet
929 1448 1031 1481 vexari
1056 1458 1118 1481 non
1143 1459 1215 1492 pos-

476 1507 554 1535 sent.
577 1502 738 1536 Postremo
756 1501 941 1535 recolendae
959 1502 1130 1535 memoriae
1145 1502 1216 1534 Pius

476 1555 558 1599 Papa
576 1555 613 1588 IV
629 1555 854 1600 praedecessor
871 1561 987 1598 noster,
1005 1566 1062 1599 per
1079 1566 1151 1588 eum
1170 1565 1216 1588 ac-

477 1614 579 1654 cepto,
604 1609 688 1654 quod
712 1610 888 1645 Alexander
908 1610 1075 1654 episcopus
1100 1610 1216 1644 Ostien-

476 1664 518 1698 sis
528 1663 695 1697 cardinalis
704 1664 869 1698 Farnesius
887 1669 1085 1708 nuncupatus
1099 1664 1127 1697 S.
1138 1665 1171 1698 R.
1182 1665 1214 1698 E.

476 1717 760 1759 vicecancellarius,
775 1723 849 1750 tunc
870 1717 900 1750 in
926 1717 986 1750 illis
1010 1718 1152 1761 partibus
1177 1718 1215 1752 de

475 1771 572 1804 latere
586 1772 714 1815 legatus,
725 1771 892 1816 praedictis
909 1771 1090 1805 consulibus
1107 1782 1215 1805 causas

476 1824 631 1866 minimas,
650 1830 784 1869 quatuor
804 1825 990 1858 ducatorum
1016 1824 1084 1858 auri
1109 1825 1147 1857 de
1165 1835 1215 1858 ca-

476 1880 563 1911 mera
577 1889 639 1912 non
653 1879 849 1920 excedentes,
863 1878 1073 1921 cognoscendi
1086 1884 1116 1911 et
1129 1879 1213 1911 omni

476 1933 684 1977 appellatione
708 1934 828 1966 remota
848 1933 1010 1966 decidendi
1036 1933 1212 1966 facultatem

477 1990 682 2028 concesserat,
707 1986 853 2030 quodque
878 1986 916 2019 ab
941 1986 1058 2019 eisdem
1084 1987 1215 2020 consuli-

476 2039 544 2080 bus,
569 2039 618 2072 vel
641 2039 734 2073 certis
750 2040 818 2072 aliis
841 2040 998 2082 magistris
1018 2040 1214 2083 nuncupatis,

476 2093 514 2126 ad
528 2093 557 2126 id
571 2093 609 2125 ab
623 2093 713 2137 ipsis³
726 2093 949 2126 communitate
966 2093 1129 2137 deputatis,
1147 2104 1214 2137 pre-

477 2146 518 2179 tia
542 2156 684 2180 annonae
708 2146 915 2179 constituendi
933 2151 962 2178 et
978 2146 1120 2179 taxandi⁴
1145 2157 1215 2180 con-

476 2205 651 2242 sueverant,
672 2199 738 2244 ipse
763 2199 834 2233 Pius
858 2199 1080 2243 praedecessor
1105 2211 1216 2234 consu-

476 2253 558 2286 libus
574 2254 742 2298 praedictis
761 2264 823 2286 non
840 2254 941 2287 solum
960 2264 1068 2287 causas
1081 2260 1214 2297 quatuor

476 2307 605 2341 ducatos
623 2318 685 2341 non
698 2307 883 2341 excedentes
900 2308 1109 2351 cognoscendi
1124 2314 1153 2341 et
1166 2308 1215 2342 de-

477 2361 620 2402 cidendi,
644 2372 680 2395 ac
710 2361 812 2406 pretia
841 2372 982 2395 annonae
1007 2362 1214 2396 constituendi

477 2419 507 2447 et
524 2414 658 2456 taxandi,
676 2425 783 2448 verum
801 2415 893 2448 etiam
911 2425 1126 2459 quascumque
1139 2416 1214 2448 alias

514 2505 525 2530 1
548 2503 629 2531 Deest
643 2504 781 2538 deputare
796 2504 838 2531 vel
853 2504 1024 2532 constituere
1038 2506 1077 2537 (n.
1093 2506 1142 2537 Τ.).

512 2547 528 2574 2
544 2548 643 2575 Forsan
658 2549 800 2584 legendum
815 2557 863 2576 eas
883 2554 918 2579 (a.
936 2550 984 2582 aa).

512 2592 529 2619 3
544 2591 590 2618 Vel
608 2593 697 2627 potius
711 2592 855 2627 legendum
870 2593 933 2627 ipsd
948 2596 985 2625 (R.
997 2593 1045 2624 τ.).

513 2637 530 2671 4
548 2637 619 2674 Lege
640 2636 728 2672 potius
747 2638 884 2665 constitui
903 2641 929 2665 el
949 2638 1049 2665 taxari
1068 2638 1107 2672 (a.
1129 2638 1177 2670 12).

1055 230 1232 254 BULLARIUM
1257 230 1410 254 ROMANUM

1251 277 1461 311 ordinationes
1486 283 1515 311 et
1539 278 1663 311 decreta
1688 278 1726 312 ad
1751 279 1781 312 id
1812 281 1987 315 necessaria

1251 331 1380 363 faciendi
1398 336 1428 364 et
1445 332 1676 375 promulgandi,
1690 337 1720 364 et
1736 342 1780 373 ea,
1797 334 1918 376 quoties
1934 346 1986 368 ex-

1251 385 1359 429 pedire
1384 385 1551 426 videretur,
1569 386 1742 429 mitigandi,
1763 388 1940 431 corrigendi
1957 393 1988 423 et

1250 438 1412 479 alterandi,
1431 444 1515 472 taxas
1540 444 1570 472 et
1593 439 1817 481 ordinationes,
1842 451 1877 474 ac
1902 441 1987 485 quic-

1251 491 1325 534 quid
1350 491 1381 524 in
1405 492 1585 535 praemissis
1605 503 1663 536 pro
1687 493 1770 526 bono
1786 493 1912 537 publico
1929 504 1986 537 pro

1252 548 1391 587 tempore
1408 544 1544 577 facerent
1561 550 1591 578 et
1606 545 1820 586 decernerent,
1837 556 1893 589 per
1910 556 1988 579 mer-

1251 601 1381 637 catores,
1406 597 1551 638 artifices,
1576 598 1725 640 laniones,
1751 598 1895 641 pistoreS,
1920 599 1985 631 sal-

1251 651 1465 691 samentarios,
1491 661 1657 695 cauponeS‚
1683 652 1826 692 cetarios,
1853 652 1986 695 piscium

1251 701 1437 743 venditores,
1452 709 1482 736 et.
1505 704 1583 737 alios
1608 715 1833 749 quoscumque,
1852 704 1987 738 cuiusvis

1250 761 1357 797 status,
1379 757 1505 799 gradus,
1523 758 1641 791 ordinis
1661 763 1691 791 et
1714 758 1902 792 conditionis
1927 758 1988 791 exi-

1250 813 1376 850 stenteS,
1402 809 1458 841 sub
1476 810 1599 843 mulctis
1617 811 1806 854 pecuniariis
1826 821 1925 854 usque
1948 810 1987 843 ad

1250 871 1405 894 summam
1421 868 1555 905 quatuor
1569 863 1755 897 ducatorum
1768 863 1918 897 similium
1930 874 1988 908 per

1249 915 1422 958 quemlibet
1454 920 1718 960 transgressorem
1752 917 1890 961 qualibet
1920 916 1987 950 vice

1249 969 1528 1012 persolvendorum
1569 970 1790 1004 inviolabiliter
1825 970 1987 1004 observari

1250 1022 1427 1064 mandandi,
1452 1024 1666 1058 inobedientes
1686 1030 1715 1057 et
1739 1030 1987 1069 transgressores

1249 1086 1464 1120 quoscumque
1483 1077 1550 1109 illas
1565 1077 1734 1110 incurrisse
1751 1076 1940 1119 declarandi,
1958 1079 1988 1110 et

1250 1128 1317 1161 illas
1342 1129 1380 1161 ab
1408 1129 1524 1162 eisdem
1545 1129 1841 1173 transgressoribus,
1862 1129 1988 1173 quibus-

1250 1191 1382 1225 cumque
1393 1182 1652 1226 appellationibus
1662 1188 1691 1216 et
1704 1181 1987 1225 diffugiisreiectis,

1249 1233 1507 1268 irremissibiliter
1525 1235 1678 1279 exigendi,
1696 1235 1835 1279 fiscoque
1854 1245 1890 1268 ae
1913 1245 1988 1279 pau-

1249 1287 1377 1330 peribus
1395 1293 1424 1320 et
1441 1288 1563 1321 aerario
1575 1288 1714 1321 eiusdem
1732 1288 1865 1321 civitatis
1879 1287 1987 1331 aequis

1248 1340 1445 1383 portionibus
1456 1341 1631 1385 applicandi
1645 1341 1820 1375 facultatem
1831 1341 1862 1373 in
1879 1351 1988 1385 perpe-

1250 1399 1347 1436 tuum,
1361 1394 1458 1426 etiam
1483 1395 1633 1438 privative
1651 1394 1753 1438 quoad
1778 1404 1886 1427 omnes
1909 1393 1987 1427 alios

1251 1447 1450 1490 magistratus
1468 1448 1522 1491 (ita
1536 1448 1620 1492 quod
1634 1458 1669 1481 ea
1682 1447 1852 1481 insolidum
1866 1453 1896 1480 et
1913 1447 1987 1480 solis

1251 1500 1326 1544 ipsis
1343 1501 1534 1543 consulibus,
1543 1502 1589 1534 vel
1604 1506 1636 1534 ut
1650 1502 1836 1545 praefertur,
1845 1511 1903 1545 pro
1914 1505 1988 1534 tem-

1251 1566 1328 1599 pore
1344 1555 1499 1599 deputatis
1510 1566 1658 1589 concessa
1675 1561 1704 1588 et
1721 1555 1906 1588 demandata
1920 1565 1987 1588 esse

1251 1610 1475 1654 censerentur),
1491 1614 1654 1653 praeterea
1665 1610 1749 1653 (cum
1760 1609 1798 1642 de
1813 1620 1872 1642 usu
1885 1609 1987 1642 lauda-

1250 1664 1303 1697 bili
1329 1664 1452 1697 illarum
1472 1664 1608 1708 partium
1627 1663 1758 1707 singulis
1775 1663 1863 1696 annis
1880 1663 1987 1696 bandi-

1250 1724 1354 1752 menta
1379 1721 1408 1752 et
1438 1717 1631 1761 proclamata
1657 1717 1714 1750 sub
1742 1708 1933 1761 pecuniariis
1957 1721 1988 1750 et

1249 1772 1317 1805 aliis
1337 1771 1446 1816 poenis
1462 1771 1612 1804 adversus
1633 1771 1800 1804 inferentes
1819 1770 1933 1803 damna
1957 1774 1987 1803 et

1250 1825 1378 1858 iniurias
1399 1825 1492 1868 culpa
1509 1825 1556 1857 vel
1573 1823 1764 1867 negligentia
1784 1834 1854 1857 cum
1873 1824 1987 1856 anima-

1249 1878 1331 1911 libus
1348 1878 1396 1911 vel
1420 1878 1494 1910 alias
1518 1877 1550 1910 in
1568 1877 1704 1921 praediis
1723 1877 1872 1910 territorii
1891 1882 1921 1910 et
1940 1877 1987 1910 di-

1249 1932 1374 1965 strictus
1392 1931 1491 1965 dictae
1509 1931 1640 1965 civitatis
1657 1931 1899 1964 consistentibus
1915 1931 1986 1965 fieri

1250 1990 1486 2026 consueverant,
1507 1985 1781 2028 emolumentaque
1798 1995 1833 2017 ex
1847 1984 1956 2028 poenis
1969 1995 1986 2017 a

1249 2038 1543 2072 contrafacientibus
1556 2049 1614 2082 pro
1632 2043 1774 2082 tempore
1787 2038 1903 2071 exactis
1916 2049 1986 2082 pro-

1249 2092 1403 2125 venientia
1434 2091 1472 2124 ad
1502 2102 1657 2125 cameram
1683 2088 1890 2135 apostolicam
1918 2091 1985 2124 illa-

1249 2156 1319 2178 rum
1336 2145 1472 2189 partium
1490 2150 1678 2189 spectarent,
1692 2144 1735 2178 et¹
1753 2155 1888 2189 quorum
1906 2144 1986 2178 loca-

1249 2199 1333 2232 tione
1350 2199 1430 2233 dicta
1448 2209 1573 2232 camera
1585 2199 1673 2231 annis
1689 2198 1820 2242 singulis
1829 2209 1985 2231 summam

1248 2252 1413 2286 duodecim
1439 2253 1623 2286 ducatorum
1649 2252 1809 2293 similium,
1827 2252 1874 2285 vel
1892 2252 1985 2293 circa,

1249 2307 1413 2351 percipere
1437 2306 1655 2350 consueverat)
1670 2305 1785 2338 eisdem
1804 2305 1985 2339 consulibus

1250 2360 1308 2394 ius‘2
1318 2366 1347 2394 et
1358 2360 1534 2394 facultatem
1545 2360 1737 2403 proclamata
1747 2364 1777 2392 et
1785 2359 1985 2392 bandimenta

1250 2414 1428 2448 huiusmodi
1449 2414 1512 2446 suis
1532 2413 1602 2446 loco
1627 2418 1657 2446 et
1682 2418 1837 2457 tempore,
1863 2413 1985 2456 quoties

1249 2479 1329 2512 opus
1346 2468 1449 2508 fuerit,
1466 2467 1497 2500 in
1514 2466 1623 2500 eadem
1641 2466 1763 2500 civitate
1777 2477 1812 2499 ac
1829 2466 1911 2499 illius
1929 2471 1985 2499 te'r-

1285 2550 1295 2575 1
1319 2547 1472 2583 Legendum
1487 2555 1524 2574 ex
1539 2555 1589 2582 pro
1604 2550 1629 2574 et
1644 2547 1684 2581 (a.
1703 2547 1751 2579 T.).

1284 2592 1299 2618 2
1319 2591 1388 2618 Edit.
1408 2591 1487 2618 Main.
1508 2591 1572 2626 legit
1592 2599 1638 2624 us;
1659 2591 1748 2625 itaque
1775 2590 1815 2616 vel
1841 2588 1984 2617 delendum

1248 2636 1331 2664 etiam
1345 2639 1381 2670 et,
1400 2636 1439 2663 vel
1455 2635 1599 2672 legendum
1614 2635 1660 2663 ius
1673 2638 1709 2669 (R.
1727 2635 1776 2669 ¹12).

1998 233 2045 260 An.
2067 234 2096 262 C.
2114 234 2185 264 1660·
