2243 3205
829 182 923 205 INDEX
950 182 1149 206 Rt‘BRlCARUt

308 245 365 268 nes
388 240 419 268 et
443 234 614 268 electiones
639 233 670 266 in
696 232 845 276 capitulis
871 244 965 276 genc-

310 288 432 322 ralihus
449 294 480 323 et
504 287 595 321 dietis
611 286 873 330 Congregationis
894 287 966 319 Cas-

312 342 446 375 sinensis
467 341 593 376 Ordinis
618 341 648 374 S.
671 339 848 379 Benedicti,
867 339 942 373 504.

223 396 367 431 CCXClV.
395 393 603 429 Confirmatio
635 392 794 427 facultatis
820 392 962 435 Congre-

312 449 449 493 gationis
461 447 629 481 Doctrinae
644 445 881 480 Christianaein
898 446 967 479 Gal-

311 502 364 542 lia,
378 501 455 534 dum
470 501 560 534 unita
577 505 645 533 erat
662 498 907 542 Congregationi
928 499 966 532 de

313 556 494 595 Somascha,
519 566 534 588 a
560 553 715 597 Gregorio
731 553 782 585 XV
800 562 967 585 concessae
1014 593 1016 595 Ι

316 608 452 642 docendi
484 608 516 642 in
548 608 667 641 scholis
699 606 860 651 publicis,
893 616 965 638 cum

312 663 459 701 indulto,
486 667 520 695 ut
556 661 625 704 ipsa
664 659 874 702 Congregatio
905 659 967 691 Do-

313 716 434 749 ctrinae
449 714 654 753 Christianae,
669 713 741 746 licet
755 723 772 745 a
787 712 869 745 dicta
888 712 967 745 Con-

312 769 498 812 gregatione
537 767 575 801 de
610 767 783 800 Somascha
823 770 967 808 separata

313 822 365 862 sit,
389 821 601 855 nihilominus
627 822 688 854 una
715 831 788 853 cum
808 818 968 853 exercitiis

262 916 264 918 v
315 875 364 908 sui
383 874 569 919 principalis
584 873 721 908 instituti
748 883 854 906 sacras
871 873 968 905 scien-

315 928 389 968 tias,
407 927 681 971 humanioresque
708 927 830 960 litteras
859 927 889 959 in
910 937 963 958 ae-

316 980 467 1015 cademiis
500 987 532 1015 et
564 980 711 1024 collegiis
746 979 903 1022 puhlicis,
937 977 968 1011 in

315 1034 433 1077 quibus
454 1033 493 1066 ad
513 1043 663 1078 praesens
687 1032 826 1066 stabilita
852 1038 910 1072 est,
939 1038 970 1065 et

316 1087 348 1120 in
373 1088 517 1121 futurum
543 1087 738 1128 stabilietur,
763 1086 846 1120 sicut
883 1086 970 1130 prius

315 1140 430 1173 docere
454 1140 567 1184 possit,
596 1139 670 1173 566.

230 1193 361 1228 CCXCV.
390 1194 450 1226 Pro
482 1195 567 1227 hono
604 1193 758 1236 regimine
787 1194 968 1237 Congrega-

319 1246 414 1281 tionis
440 1247 632 1280 clericorum
658 1257 835 1291 pauperum
868 1247 973 1280 Matris

317 1300 372 1334 Dei
398 1300 586 1334 Scholarum
611 1300 753 1342 Piarum,
780 1300 855 1334 567.

228 1353 374 1388 CCXCVI.
391 1353 562 1387 Confirmat
582 1354 710 1387 decreta
727 1364 889 1387 sacrarum
900 1365 974 1388 con-

318 1406 544 1451 gregationum
556 1406 593 1439 ad
607 1407 804 1451 sepulturam
811 1407 973 1450 pertinen-

318 1461 372 1500 tia,
399 1471 457 1504 pro
484 1460 650 1503 provincia
675 1460 705 1494 S.
735 1460 898 1493 Saturnini
919 1461 976 1494 Or-

319 1513 404 1546 dinis
433 1513 592 1546 Minorurn
626 1514 665 1546 de
697 1513 904 1547 Observantia
944 1514 976 1547 in

318 1566 477 1607 Sardinia,
499 1566 573 1600 568.

231 1620 390 1654 CCXCVII.
412 1620 590 1665 Applicatio
617 1620 823 1654 dimidiarum
849 1627 978 1654 annata-

321 1685 392 1708 rum
425 1675 685 1716 canonicatuum,
713 1674 974 1716 beneficiatuum‚

320 1738 356 1761 ac
382 1729 592 1761 clericatunm
619 1728 771 1761 ecclesiae
797 1728 828 1761 S.
850 1728 978 1762 loannis

324 1780 547 1814 Lateranensis
582 1781 621 1814 de
661 1781 745 1815 Urbe
780 1782 916 1815 fabricae
948 1788 979 1815 ct

324 1835 498 1877 sacristiae,
527 1836 672 1880 quamvis
696 1836 818 1869 fructus
843 1842 872 1869 et
895 1847 979 1869 emo-

322 1888 467 1922 lumenta
499 1889 684 1923 huiusmodi
719 1889 788 1922 aliis
824 1889 977 1924 oneribus

322 1942 387 1976 sive
420 1941 630 1986 pensionibus
663 1949 791 1986 gravata
816 1943 975 1985 existant,

321 2001 397 2036 ete„
424 1995 500 2029 570.

234 2048 410 2083 CCXCVIH.
439 2049 604 2083 Proibisce
632 2050 661 2084 le
690 2051 747 2084 lire
771 2061 787 2083 c
812 2051 977 2095 bolognini

322 2103 404 2136 nelle
437 2102 600 2146 provincie
631 2103 662 2136 di
688 2104 840 2147 Bologna,
866 2105 978 2138 Ferra-

322 2165 375 2196 ra,
402 2155 567 2199 [lomagna
600 2167 616 2190 e
649 2157 818 2197 Ravenna,
845 2158 978 2191 volendo

325 2208 382 2241 che
399 2208 426 2242 vi
452 2209 476 2242 si
503 2209 719 2244 introducano
741 2211 760 2243 li
788 2211 866 2255 giuti
891 2221 907 2244 e
925 2212 978 2244 ba*-

323 2261 441 2302 1000111,
468 2261 543 2296 573.

239 2313 384 2348 CCXCIX.
410 2315 519 2349 Ordini
546 2326 602 2360 per
627 2317 655 2349 la
673 2317 747 2357 citta
773 2329 789 2352 e
815 2319 931 2353 ducato
949 2319 980 2353 di

325 2368 469 2409 Fet-rara,
489 2369 559 2403 cioe
576 2370 633 2403 che
651 2371 679 2404 vi
701 2369 775 2406 r‘esti
794 2372 980 2407 totalmente

326 2420 448 2455 abolito
472 2422 493 2454 11
518 2432 611 2456 nome
630 2424 660 2457 di
686 2424 774 2459 lirae
799 2425 978 2469 bolognini,

327 2486 343 2508 e
368 2475 425 2509 che
450 2477 522 2510 tutti
549 2477 556 2509 i
582 2477 679 2520 debiti
705 2479 763 2512 0110
788 2485 923 2514 cantano
948 2480 980 2513 in

326 2534 454 2564 moneta
471 2529 503 2562 di
530 2529 601 2571 lira,
620 2531 826 2566 s'intendano
852 2543 982 2568 conver-

326 2582 372 2616 titi
398 2582 431 2616 in
456 2582 534 2627 giuti
560 2595 576 2617 e
603 2583 765 2627 baiocchi,
791 2585 867 2620 577.

1646 169 1711 205 839

1018 233 1092 266 CCC.
1117 233 1286 276 Deputatio
1304 233 1419 266 iudicis
1440 244 1608 267 causarum
1634 239 1665 266 et
1689 245 1758 267 exe-

1107 286 1254 329 quutoris
1279 286 1481 320 decretorum
1506 286 1696 320 visitationis
1711 297 1758 320 ec-

1108 339 1278 371 clesiarum
1312 339 1406 372 Urbis
1436 350 1452 371 a
1476 339 1507 372 S.
1536 339 1565 372 S.
1594 339 1755 378 indictae,

1106 391 1182 425 581.

1018 444 1107 478 CCCI.
1135 446 1277 478 Declarat
1295 446 1440 478 alumnos
1458 445 1665 488 collegiorum
1684 455 1759 489 apo-

1108 499 1293 532 stolicorum
1303 510 1367 532 non
1381 499 1420 531 ad
1434 499 1607 532 triennium
1622 503 1758 539 tantum,

1108 553 1160 585 sed
1189 558 1341 596 perpetuo
1375 552 1480 595 quoad
1513 552 1643 586 vixerint
1669 553 1758 586 Sedis

1107 605 1308 648 Apostolicae
1332 605 1460 637 servitio
1486 605 1655 638 adstrictos
1681 616 1759 647 esse,

1109 664 1139 691 et
1164 659 1217 691 dat
1241 659 1376 691 formam
1403 658 1583 699 iuramenti,
1608 658 1682 692 582.

1019 710 1124 744 CCCII.
1152 712 1194 744 De
1220 711 1412 754 obligatione
1441 712 1654 745 ‹ilenunciandi
1680 712 1757 746 hae-

1110 763 1237 804 reticos,
1257 765 1303 797 vel
1322 765 1358 797 de
1375 765 1497 797 haeresi
1518 765 1626 798 leviter
1649 775 1760 808 suspe-

1110 823 1196 858 ctos,
1222 825 1251 851 et
1281 819 1366 862 quod
1398 819 1429 851 in
1464 819 1593 852 materia
1618 819 1759 852 haeres-is

1109 882 1172 905 non
1205 871 1385 905 admittitur
1417 872 1574 905 correctio
1607 873 1761 913 fraterna,

1110 925 1184 958 582.

1021 979 1140 1014 CCCIH.
1167 978 1372 1012 Confirmatio
1394 979 1510 1013 decreti
1542 980 1763 1023 congregatio-

1111 1032 1159 1065 nis
1175 1032 1397 1076 episcoporum
1412 1040 1440 1066 et
1457 1033 1762 1077 regulai·iu1n,quod

1111 1086 1143 1119 111
1169 1092 1330 1129 posterum
1358 1087 1475 1125 nullus,
1501 1087 1554 1130 qui
1580 1087 1611 1119 in
1638 1086 1763 1130 provin-

1113 1140 1160 1173 cia
1210 1140 1394 1173 Cranatensi
1439 1140 1565 1174 Ordinis
1606 1140 1762 1173 Minorum

1113 1193 1142 1226 S.
1166 1193 1324 1227 Francisci
1343 1193 1380 1226 de
1399 1193 1601 1226 Observantia
1619 1193 1765 1227 minister

1112 1246 1314 1291 provincialis
1332 1247 1482 1285 extiterit,
1501 1253 1528 1280 ct
1544 1248 1702 1290 completo
1720 1247 1765 1279 of-

1115 1300 1179 1333 ficii
1195 1300 1331 1333 triennio
1346 1306 1437 1343 pater
1447 1300 1632 1333 modernior
1642 1310 1766 1332 reman-

1115 1354 1205 1394 serit3
1230 1360 1406 1397 posteaque
1433 1359 1542 1387 custos
1576 1364 1632 1386 scu
1657 1353 1767 1386 defini-

1114 1414 1165 1441 tor
1189 1407 1372 1451 provinciae
1390 1407 1483 1441 suerit
1508 1407 1641 1447 electus,
1667 1408 1768 1451 possit

1116 1461 1221 1494 denuo
1243 1461 1426 1494 immediate
1444 1461 1475 1493 in
1494 1461 1675 1494 ministrum
1698 1472 1769 1504 pro—

1116 1514 1284 1548 vincialem
1317 1514 1414 1558 eligi,
1449 1514 1510 1547 nisi
1542 1514 1630 1558 prius
1655 1515 1767 1548 saltem

1116 1569 1279 1612 integrum
1305 1569 1477 1602 triennium
1498 1569 1537 1602 ab
1554 1569 1701 1613 ingressu
1719 1570 1770 1603 de-

1116 1622 1248 1655 finitorii
1275 1623 1440 1663 vacaverit,
1454 1623 1513 1656 sul)
1537 1625 1638 1667 poena
1663 1624 1765 1657 nulli-

1116 1676 1189 1710 tatis
1209 1677 1299 1710 aliter
1324 1677 1549 1720 gerendorum,
1576 1678 1649 1712 584.

1027 1730 1143 1764 CCCIV.
1170 1730 1360 1764 Commissio
1381 1731 1500 1764 nuncio
1525 1731 1717 1771 Sabandiae,
1737 1738 1769 1765 ut

1117 1783 1225 1817 audiat
1250 1793 1397 1817 recursus
1422 1785 1627 1818 subditorum
1653 1786 1770 1828 princi-

1116 1843 1209 1881 patus
1250 1837 1425 1870 Masserani
1465 1844 1495 1871 et
1532 1839 1770 1873 marchionatus

1117 1890 1307 1930 Crevacorii,
1334 1890 1408 1923 586.

1028 1943 1131 1977 CCCV.
1160 1944 1310 1977 Diversae
1336 1945 1567 1978 declarationes
1593 1952 1624 1979 et
1648 1945 1771 1979 ordina-

1119 1998 1220 2031 tiones
1245 1998 1330 2031 circa
1356 1999 1574 2031 iuramentum
1603 2010 1658 2043 per
1675 2001 1772 2032 alum-

1118 2062 1176 2084 nos
1193 2052 1398 2095 collegiorum
1424 2051 1662 2096 pontificiorum
1682 2064 1772 2096 prae-

1119 2105 1195 2139 stari
1215 2106 1355 2146 solitum,
1374 2117 1437 2149 quo
1455 2106 1545 2139 Sedis
1569 2106 1771 2149 Apostolicae

1119 2158 1248 2192 servitio
1280 2159 1481 2202 reperiuntur
1518 2159 1662 2193 adstricti
1687 2160 1771 2193 iuxta

1120 2212 1281 2246 decretum
1316 2213 1517 2255 particularis
1552 2214 1772 2257 congregatio-

1119 2267 1166 2300 nis
1191 2266 1404 2299 cardinalium
1429 2267 1467 2299 de
1492 2266 1702 2310 l‘ropaganda
1720 2267 1771 2300 Fi-

1119 2319 1169 2359 dc,
1195 2319 1268 2352 587.

1031 2373 1147 2409 CCCVI,
1172 2372 1379 2406 Confirmatio
1408 2372 1622 2415 quorumdam
1648 2372 1773 2417 privile-

1121 2427 1247 2471 giorum
1274 2437 1290 2459 a
1316 2426 1448 2459 diversis
1466 2426 1618 2459 Romanis
1642 2427 1775 2461 Pontifi-

1123 2481 1213 2514 cibus
1251 2480 1436 2514 consulibus
1478 2485 1508 2513 ct
1551 2481 1774 2515 communitati

1121 2533 1258 2567 civitatis
1277 2534 1567 2577 Carpectoratcnsis
1584 2544 1678 2578 super
1696 2545 1774 2568 nun-

1123 2587 1218 2628 dinis,
1247 2587 1450 2628 mercatibus,
1479 2586 1665 2630 cognitione
1689 2598 1770 2630 qua-
