2243 3205
66 143 115 169 An.
127 141 158 168 C.
180 141 248 169 ¹662

83 1214 177 1242 oei-oga
184 1222 233 1238 eon-

50 1242 127 1264 trariis.

854 146 1042 170 :unximus-„it
1069 147 1111 170 VH
1138 148 1186 170 ΡΡ.

261 193 353 231 tutaS,
377 191 531 233 repositas
561 197 591 224 et
614 192 755 235 plenarie
783 193 1004 236 reintegratas,

260 253 297 276 ac
320 242 414 275 etiam
439 243 477 276 de
501 254 583 277 novo
600 245 658 277 sub
675 246 844 289 posteriori
859 247 928 280 data
947 258 1004 291 per

259 295 440 339 praedictos
476 297 608 330 Paulum
641 298 771 342 eiusque
804 311 1003 333 successores

259 347 334 382 dicti
358 349 519 393 prioratus
543 351 666 394 priores
690 363 749 396 pro
775 359 919 397 tempore
943 354 1003 386 exi-

260 407 376 436 stentes
392 404 537 447 eligenda
555 415 703 438 concessa
721 416 788 439 esse
806 413 835 439 et
858 407 1001 450 intelligi,

258 466 295 489 ac
315 466 389 489 suos
404 457 574 500 plenarios,
588 464 617 490 et
632 459 772 501 integros
791 459 920 493 effectus
939 471 1002 493 sor-

259 508 311 541 tiri
328 514 358 541 et.
374 509 533 550 obtinere,
555 511 663 554 sicque
688 511 720 544 in
744 513 927 555 praemissis
945 524 1001 557 per

257 572 474 606 quoscumque
506 563 624 597 iudices
653 565 830 599 ordinarios
856 573 886 599 et
909 567 997 599 dele-

256 619 367 658 gatos,
392 616 485 648 etiam
512 628 678 650 causarum
703 619 808 662 palatii
834 621 998 663 apostolici

255 669 426 711 auditores,
447 680 483 702 ac
508 670 536 703 S.
563 671 598 704 R.
624 671 657 703 Ε
683 672 878 715 cardinales,
904 675 997 708 etiam

256 723 294 756 de
308 723 404 756 latere
422 724 541 766 legatos
556 729 585 756 et
602 725 800 768 Apostolieae
818 727 906 759 Sedis
923 739 999 760 nun-

255 777 331 817 cios,
356 777 473 810 aliosve
497 778 653 821 quoslibet
678 780 786 822 quavis
811 781 997 815 auctoritate

254 835 284 863 et
307 829 462 874 potestate
487 830 652 873 fungentes
678 837 707 864 et
732 832 906 874 suncturos,
927 835 997 867 sub-

253 883 316 917 lata
341 884 385 916 eis
410 888 440 917 et
464 894 575 917 eorum
606 885 736 918 cuilibet
768 887 878 928 quavis
907 888 996 921 aliter

252 937 410 971 iudicandi
428 943 458 970 et
482 938 709 981 interpretandi
736 939 882 973 facultate
900 946 930 973 et
946 952 996 974 an-

252 991 406 1032 ctoritate,
433 991 565 1025 iudicari
590 997 620 1025 et
645 992 770 1025 definiri
796 993 933 1035 debere,
959 1006 995 1028 ae

251 1045 376 1079 irritum
400 1050 431 1079 et
454 1045 563 1086 inane,
593 1046 618 1079 si
649 1057 739 1080 secus
771 1058 866 1090 super
904 1049 952 1082 liis
977 1061 994 1082 a

250 1109 421 1143 quoquam,
446 1099 556 1143 quavis
581 1101 775 1141 auctoritate,
793 1101 928 1135 scienter
947 1104 992 1136 vel

250 1152 444 1196 ignoranter,
469 1153 637 1196 eontigerit
660 1155 814 1188 attentari.

293 1207 308 1249 ἓ
325 1207 354 1240 5.
371 1207 440 1240 Non
464 1207 661 1241 obstantibus
678 1209 867 1252 praemissis,
885 1222 919 1243 ac
937 1222 992 1244 no-

248 1259 322 1293 stris
351 1265 381 1292 et
413 1260 618 1294 cancellariae
651 1263 842 1305 apostolieae
874 1265 992 1306 regulis

248 1313 287 1346 de
312 1313 480 1347 unionibus
508 1320 538 1347 et
561 1314 823 1358 applicationibus
848 1319 992 1350 commit-

249 1367 348 1400 tendis
365 1366 402 1399 ad
422 1372 538 1411 partes,
557 1368 673 1401 vocatis
697 1379 832 1411 qnorum
851 1371 989 1413 interest,

247 1419 518 1464 exprimendoque
549 1421 581 1453 in
606 1421 667 1454 illis
694 1432 768 1454 vero
794 1424 912 1463 valore,
939 1435 988 1465 ae,

247 1479 402 1518 quatenus
426 1485 506 1518 opus
530 1475 580 1515 sit,
598 1475 650 1508 illa
662 1475 700 1508 de
714 1477 901 1519 praestando
918 1488 988 1511 con-

245 1537 341 1560 sensu
356 1527 388 1560 in
401 1528 614 1571 pensionibus,
632 1539 753 1562 necnon
771 1530 987 1564 Lateranensis

247 1582 371 1615 concilii
396 1582 567 1615 novissime
592 1583 743 1615 celebrati
764 1584 896 1618 uniones
921 1596 987 1628 per—

244 1640 354 1679 petuas
383 1635 442 1669 nisi
474 1636 505 1668 in
538 1636 661 1669 casibus
693 1647 710 1668 a
741 1637 809 1670 iure
841 1639 985 1680 permissi

244 1689 314 1722 fieri
334 1689 542 1733 prohibentis,
559 1689 691 1732 aliisque
709 1691 986 1726 constitutionibus

243 1748 274 1776 et
294 1742 546 1777 ordinationibus
562 1743 754 1786 apostolicis,
772 1754 807 1776 ac
828 1745 984 1778 dictorum

243 1796 369 1831 Ordinis
385 1801 415 1829 et
430 1796 660 1840 parochialium
675 1797 889 1838 ecclesiarum,
900 1799 982 1832 aliis-

243 1861 279 1883 ve
303 1850 475 1894 quibusvis,
501 1850 594 1883 etiam
619 1850 805 1892 iuramento,
821 1852 985 1885 confirma-

242 1905 327 1938 tione
350 1903 543 1948 apostolica,
562 1904 609 1937 vel
627 1904 736 1947 quavis
761 1905 910 1939 firmitate
924 1907 983 1940 alia

241 1958 410 1999 roboratis,
427 1958 550 1991 statutis
567 1961 597 1991 et
616 1958 905 2000 consuetudinibus,
923 1966 983 1993 sta-

240 2012 432 2054 bibmentis,
457 2011 566 2044 usibus
597 2017 625 2044 et
655 2012 784 2054 naturis,
809 2013 983 2056 privilegiis

239 2076 377 2110 quoque,
402 2065 530 2098 indultis
549 2069 578 2096 et
602 2064 713 2097 litteris
735 2066 924 2109 apostolicis,
950 2067 980 2100 in

240 2119 433 2154 contrarium
459 2117 706 2162 praemissorum
743 2119 981 2162 quomodolibet

239 2172 406 2213 concessis,
418 2172 612 2205 confirmatis
626 2176 656 2204 et
672 2171 839 2212 innovati53
865 2174 979 2216 quibus

239 2227 386 2261 omnibus
403 2230 432 2260 et
445 2225 587 2269 singulis,
610 2225 736 2258 illorum
753 2231 877 2260 tenores
890 2238 978 2271 prae-

238 2280 379 2314 sentibus
404 2290 461 2323 pro
478 2279 570 2322 plene
587 2283 616 2310 et
641 2278 831 2312 sufficienter
856 2291 978 2324 expres-

238 2334 280 2367 sis
312 2344 348 2366 ac
367 2333 405 2366 de
431 2332 526 2365 verbo
551 2331 589 2364 ad
616 2332 746 2365 verbum
773 2333 896 2367 insertis
922 2335 976 2368 lia-

237 2388 359 2428 bentes,
384 2387 445 2420 illis
469 2386 544 2419 alias
573 2386 604 2419 in
628 2397 685 2420 sno
704 2387 819 2421 robore
833 2398 977 2432 perman-

237 2442 329 2483 suris,
350 2441 388 2475 ad
404 2440 650 2485 praemissorum
665 2440 821 2484 effectum,
840 2442 897 2475 liae
913 2443 976 2476 viee

236 2494 598 2539 dumtaxat,specialiter
623 2499 652 2527 et
676 2505 822 2539 expresse
842 2496 976 2540 deroga-

235 2559 321 2589 mus;
340 2549 515 2592 ceterisque
532 2548 697 2582 contrariis
715 2549 975 2594 quibuscumque.

302 2610 381 2640 Buce.
401 2610 485 2638 Rom.
507 2626 538 2629 —
565 2610 620 2639 Vol.
642 2610 718 2638 XVI.
862 2612 896 2640 90·

1689 140 1747 172 7111

1082 195 1195 228 Datum
1220 196 1348 236 Romae,
1374 197 1460 240 apud
1485 197 1514 230 S.
1534 198 1662 230 Mariani
1689 198 1784 231 Maio-

1039 259 1116 288 rem,
1134 248 1192 281 sub
1210 250 1325 282 annulo
1344 250 1524 291 Piscatoris,
1541 251 1590 283 die
1609 261 1639 283 1v
1658 251 1784 284 februa-

1038 301 1077 334 rii
1094 311 1233 339 iinccxn,
1247 303 1448 345 pontificatus
1459 305 1559 337 nostri
1579 315 1661 337 anno
1684 315 1737 337 vn.

1073 363 1132 390 nai.
1154 363 1197 390 die
1217 365 1232 391 4
1251 365 1381 392 februarii
1403 366 1481 400 1662,
1510 368 1603 401 pontis.
1622 376 1691 394 anno
1712 376 1759 394 vn.

1297 490 1412 523 CCCLX
1419 491 1519 524 xviii.

1035 561 1210 604 Deputatio
1236 562 1489 595 eminwtissimz‘
1510 563 1692 596 cardinalis
1707 565 1781 598 Cloi-

1078 615 1121 646 sit
1137 615 1170 647 in
1187 619 1395 658 protectorem
1411 617 1551 658 fratrum
1570 616 1704 650 Ordinis
1717 618 1779 650 Mi-

1079 669 1246 701 m'morztm
1270 670 1376 702 salicti
1399 670 1569 703 Fraucisci
1594 671 1632 704 de
1656 672 1775 705 Paula.

1033 741 1149 768 Diiecto
1169 741 1231 768 filio
1251 744 1353 768 nostro
1374 741 1484 774 Flavio,
1506 742 1592 769 tituli
1613 743 1640 769 S.
1664 744 1776 771 Mariae

1069 786 1103 813 de
1125 786 1236 819 Populo
1257 786 1285 813 S.
1308 788 1339 814 R.
1361 787 1392 813 E.
1415 787 1562 814 cardinali
1583 787 1679 814 Chisio
1699 795 1777 815 nun-

1068 834 1186 864 cupato,
1209 834 1311 858 nostro
1332 833 1497 859 secundum
1518 839 1636 860 carnem
1658 840 1694 860 ex
1713 833 1775 860 fra-

1066 877 1111 902 tre
1132 882 1271 910 germano
1292 876 1406 909 nepoti,

1225 929 1389 956 Alexander
1409 930 1490 963 Papa
1509 930 1572 958 VII.

1302 991 1417 1018 Dilecte
1437 991 1496 1022 fili,

1065 1035 1194 1061 satutem
1217 1037 1247 1061 et
1268 1036 1463 1068 apostolicam
1483 1036 1734 1064 benedictionem.

1073 1101 1087 1144 ἓ
1117 1101 1140 1134 l.
1166 1101 1241 1134 Cum
1262 1112 1318 1145 per
1337 1102 1456 1135 obitum
1478 1102 1579 1136 bonae
1597 1105 1771 1138 memoriae

1028 1155 1224 1195 Bernardini,
1242 1156 1315 1188 dum
1343 1156 1425 1198 vixit,
1447 1156 1476 1189 S.
1495 1157 1528 1189 R.
1552 1158 1582 1189 E.
1602 1158 1770 1191 cardinalis

1027 1208 1147 1251 Spadae
1171 1209 1353 1252 nuncupatI,
1374 1209 1499 1242 Ordinis
1525 1210 1658 1242 fratrum
1685 1211 1770 1244 Mini-

1028 1271 1152 1294 morum
1178 1262 1276 1294 sancti
1311 1262 1470 1295 Francisci
1499 1262 1536 1295 de
1568 1264 1662 1295 Paula
1685 1265 1768 1306 apud

1026 1325 1082 1347 nos
1114 1321 1143 1348 et
1174 1315 1388 1358 Apostolicam
1420 1316 1530 1349 Sedem
1557 1318 1767 1360 protectoris,

1025 1379 1127 1412 nuper
1158 1369 1241 1412 apud
1273 1369 1384 1402 Seden]
1418 1370 1591 1413 praefatam
1617 1370 1766 1413 defuncti,

1024 1421 1106 1455 Ordo
1121 1422 1301 1466 praedictus
1311 1428 1491 1466 protectore
1505 1423 1670 1457 destitutus
1685 1435 1767 1457 man-

1023 1475 1114 1508 serit:

1066 1529 1080 1572 ξ
1105 1529 1134 1561 02.
1159 1529 1231 1569 Nos,
1249 1529 1351 1562 eidem
1372 1529 1480 1563 Ordini
1498 1530 1535 1563 de
1557 1531 1670 1564 idoneo
1695 1543 1766 1575 pro-

1023 1588 1140 1616 tectore
1174 1583 1341 1626 providere
1378 1583 1537 1624 volentes,
1563 1595 1597 1616 :ic
1630 1584 1667 1617 de
1693 1590 1763 1618 tuae

1021 1636 1311 1679 circuinspectionis
1336 1636 1487 1679 singulari
1508 1638 1685 1680 prudentia,
1711 1639 1763 1672 do-

1021 1690 1121 1722 ctrina
1157 1695 1187 1722 et
1210 1689 1401 1732 ,integritate
1435 1696 1464 1722 et
1497 1691 1659 1733 religionis
1696 1693 1762 1726 zclo

1020 1743 1191 1787 phirimum
1218 1743 1249 1775 in
1273 1743 1406 1776 Domino
1432 1744 1552 1786 confisi,
1575 1750 1661 1777 motu
1686 1756 1761 1789 pro-

1019 1797 1098 1840 prio,
1125 1802 1154 1829 et
1179 1807 1214 1829 ex
1240 1798 1325 1829 certa
1350 1797 1536 1830 scientiane
1561 1801 1684 1831 matura
1710 1798 1761 1832 de-

1019 1850 1205 1883 liberatione
1230 1850 1365 1891 nostris,
1391 1856 1429 1891 te,
1454 1862 1491 1883 ex
1528 1852 1615 1884 euius
1648 1858 1760 1895 prote-

1018 1903 1131 1944 ctione,
1158 1904 1197 1937 ob
1216 1909 1283 1936 tuas
1308 1904 1438 1937 eximias
1454 1905 1592 1946 virtutes,
1611 1905 1759 1938 Ordinem

1018 1956 1213 2000 praedicturi»
1241 1957 1413 2001 plurimum
1440 1958 1598 1991 commodi
1617 1964 1646 1991 et
1670 1970 1759 1992 orna-

1017 2013 1112 2043 menti
1127 2017 1345 2055 suscepturum
1364 2023 1432 2045 esse
1449 2012 1645 2055 confidimns,
1667 2024 1758 2056 prae-

1016 2065 1089 2098 dicti
1115 2065 1240 2098 Ordinis
1265 2066 1411 2109 illinsque
1437 2066 1605 2099 domorum
1636 2067 1758 2109 regula-

1015 2118 1097 2151 rium
1113 2125 1142 2151 ct
1152 2119 1374 2161 religiosorum
1388 2130 1661 2164 quorumcumque
1673 2121 1757 2163 apud

1014 2183 1070 2205 nos
1088 2178 1117 2205 01
1133 2173 1243 2205 Sedent
1263 2174 1664 2217 praefatamprotectorem,
1683 2185 1754 2207 011111

1013 2226 1159 2259 omnibus
1173 2226 1384 2266 facultatibus,
1403 2226 1684 2266 iurisdictionibus,
1703 2227 1755 2259 lio-

1012 2280 1142 2313 noribns
1167 2285 1197 2312 et
1221 2280 1370 2312 oneribus
1393 2280 1501 2318 ,solitis
1532 2285 1561 2312 et
1587 2281 1754 2321 consuetis,

1012 2339 1041 2367 et
1065 2333 1179 2378 quibus
1203 2333 1255 2365 alii
1280 2338 1351 2366 ante
1377 2338 1404 2366 te
1430 2333 1503 2366 dicti
1529 2333 1653 2366 Ordinis
1678 2346 1752 2378 pro-

1012 2392 1145 2422 tectores
1170 2387 1216 2420 usi
1249 2392 1341 2428 sunt,
1368 2397 1402 2418 ae
1438 2387 1480 2418 1111
1514 2387 1753 2430 quomodolibet

1011 2446 1200 2485 potuerunt,
1226 2451 1280 2472 sen
1305 2440 1396 2472 ellam
1422 2439 1617 2483 debuerunt⁷
1643 2442 1681 2474 ad
1707 2443 1751 2475 tui

1011 2495 1114 2535 vitam,
1133 2493 1304 2537 apostolica
1322 2494 1518 2533 auctoritate,
1539 2500 1646 2528 tenore
1664 2507 1750 2539 prae-

1009 2548 1155 2589 sentium,
1180 2547 1310 2581 facimus
1332 2553 1361 2580 et
1386 2547 1581 2591 deputamus.

1798 152 1848 178 An.
1864 151 1892 177 C.
1914 151 1983 177 ’11162

1812 1116 1898 1139 Monta.

1814 1541 1928 1564 Confirmat
1943 1546 1965 1564 nt

1779 1568 1800 1588 in
1817 1569 1909 1591 rubrica.
