2243 3205
273 167 321 196 An.
338 170 366 197 c.
390 164 457 198 1660
503 162 566 196 560

315 1137 453 1159 Observanda

267 1167 411 1186 recensentur.

470 218 585 262 adegit,
611 222 643 253 ut
666 230 728 253 non
753 221 873 264 exiguis
893 221 994 264 bonis,
1011 222 1042 256 in
1058 234 1208 267 praesens

472 276 574 304 tamen
599 271 639 305 ob
664 277 843 316 temporum
869 275 1028 318 angustias
1046 277 1133 310 valde
1155 278 1208 310 im-

471 323 608 365 minutis,
622 325 730 359 eadem
743 327 932 361 monasteria
945 328 983 361 ad
996 329 1091 362 divini
1106 331 1207 363 cultus

470 377 654 420 dignitatem
679 388 802 413 necnon
827 380 865 413 ad
896 383 1085 416 monasticae
1115 383 1207 416 disci-

469 431 572 475 plinae
587 431 815 467 incrementum
831 440 1028 470 exornarent:
1039 442 1208 481 propterea

470 492 558 516 sacra
591 486 794 528 congregatio
826 487 1145 523 eminentissimorum
1179 496 1208 523 et

468 539 807 574 reverendissimorum
831 541 1032 576 dominorum
1058 543 1087 577 S.
1113 544 1147 576 R.
1173 543 1206 576 E.

469 590 686 636 cardinalium,
697 604 776 637 quos
789 594 827 627 ad
841 596 1079 629 oeconomicum
1093 600 1206 630 statum

469 648 499 676 ct
523 650 640 678 rectam
670 645 827 680 bonorum
857 649 1078 693 temporalium
1109 648 1207 681 admi-

467 697 685 733 nistrationem
709 700 740 733 in
765 701 929 735 antedictis
950 702 1147 735 monasteriis
1164 702 1206 735 in-

467 752 668 786 staurandam
696 754 911 788 sanctissimus
936 755 1081 788 dominus
1101 761 1208 789 noster

467 803 643 838 Alexander
660 806 743 851 Papa
768 807 818 840 Vll
843 808 1021 852 specialiter
1037 808 1206 852 deputavit,

466 862 557 901 patre
580 865 789 902 procuratore
813 861 952 904 generali
971 861 1111 894 eiusdem
1133 862 1207 896 Con-

467 911 661 954 gregationis
677 912 868 947 Cassinensis
885 914 1004 958 pluries
1020 914 1136 955 audito,
1157 914 1207 948 die

467 973 522 998 xxx
545 965 648 998 martii
677 967 815 1001 nncnxi¹
842 966 1042 1011 infrascripta
1066 967 1098 999 in
1121 978 1208 1012 prae—

467 1015 558 1050 dictis
592 1019 792 1052 monasteriis
822 1019 1056 1054 Cassinensibus
1091 1020 1204 1054 obser-

468 1070 567 1103 vanda
584 1071 684 1105 Suae2
703 1072 880 1106 Sanctitatis
904 1074 990 1107 iussu
1014 1074 1168 1108 decrevit:

517 1135 530 1155 a
546 1123 622 1158 Cum
635 1126 791 1168 generalis
806 1126 934 1170 capituli
948 1128 1130 1162 convocatio
1143 1139 1206 1162 non

467 1176 585 1222 absque
609 1179 740 1213 notabili
758 1182 1022 1216 monasteriorum
1043 1183 1206 1227 dispendio

468 1231 635 1275 quotannis
660 1232 734 1275 siat,
759 1233 841 1267 hanc
865 1246 991 1279 quoque
1015 1236 1055 1270 ob
1080 1247 1205 1270 causam

467 1283 499 1316 in
522 1288 684 1328 posterum
720 1297 777 1330 per
808 1286 994 1321 decennium
1025 1290 1204 1333 proximum

467 1337 591 1371 nonnisi
606 1338 735 1372 alternis
748 1340 837 1373 annis
854 1341 1024 1385 capitulum
1043 1342 1145 1386 ipsum
1160 1354 1205 1377 ce-

467 1390 617 1435 lebretur,
634 1402 696 1425 non
714 1393 910 1428 obstantibus
927 1396 1205 1430 constitutionibus

466 1445 724 1489 Congregationis
760 1447 989 1483 Cassinensium
1030 1451 1204 1495 apostolica

466 1498 559 1532 etiam
584 1500 770 1534 auctoritate
795 1502 1000 1544 confirmatis,
1021 1504 1068 1537 vel
1081 1505 1206 1548 privile-

465 1552 526 1597 giis
549 1553 656 1587 itidem
689 1555 870 1598 apostolicis
902 1556 1003 1589 eidem
1028 1559 1204 1600 concessis,

465 1607 592 1652 quibus,
605 1609 707 1653 quoad
725 1609 795 1652 lioc,
810 1610 988 1644 Sanctitatis
1006 1611 1085 1645 Suae
1102 1619 1205 1647 aucto-

465 1661 556 1696 ritate
580 1662 711 1707 derogat
720 1674 728 1704 ;
754 1668 784 1698 et
801 1665 893 1699 tunc⁸
910 1666 1036 1709 quidem
1062 1665 1205 1712 sumptus

465 1714 547 1750 ultra
571 1716 698 1750 modum
723 1717 792 1751 sieri
817 1718 898 1751 soliti
916 1720 1055 1762 regulari
1079 1721 1205 1764 frugali-

465 1774 527 1802 tate
559 1769 761 1813 minuantur‚
798 1772 942 1805 cubicula
978 1773 1202 1807 confluentium

464 1822 613 1857 abbatum
639 1824 777 1869 hospitio
801 1825 963 1869 designata
988 1827 1112 1860 nonnisi
1134 1828 1203 1861 reli-

464 1877 555 1921 giosa
579 1879 772 1922 supellectile
797 1880 950 1914 instructa
973 1881 1047 1923 sint,
1072 1881 1150 1915 adeo
1171 1886 1204 1916 ut

464 1931 503 1964 ab
528 1932 603 1976 ipsis
627 1933 802 1977 sumptuosi
826 1938 994 1978 apparatus
1026 1945 1126 1979 nuper
1150 1935 1204 1968 in-

465 1984 577 2019 ductus
601 1986 717 2020 abusus
748 1987 877 2020 omnino
908 1987 1103 2028 eliminetur;
1128 1989 1204 2022 alias

464 2038 561 2073 abbas
585 2045 616 2072 et
635 2040 817 2073 cellerarius
842 2042 1048 2084 monasterii,
1074 2042 1126 2074 ubi
1152 2053 1201 2075 ca-

463 2092 600 2137 pitulum
625 2093 813 2135 celebratur,
837 2094 1035 2138 suspensioni
1051 2094 1090 2127 ab
1115 2106 1202 2129 exer-

434 2180 439 2184 ,
465 2146 539 2181 citio
563 2157 693 2180 suorum
718 2147 895 2181 officiorum
914 2147 1077 2181 subiacere
1094 2149 1204 2183 intelli-

464 2206 587 2244 gantur,
612 2211 714 2245 neque
726 2201 757 2234 in
775 2208 936 2246 posterum
959 2202 1067 2246 (prout
1086 2203 1202 2236 hucus-

464 2265 525 2298 que
548 2254 664 2288 factum
688 2256 754 2298 est)
779 2255 980 2297 monasterio,
1007 2255 1059 2288 ubi
1084 2257 1202 2300 eapitu-

464 2307 530 2341 lum
555 2309 702 2351 generale
726 2309 913 2349 celebratur,
937 2308 1018 2342 dona
1036 2309 1098 2342 ulla
1117 2310 1203 2351 siant,

464 2361 530 2403 sed,
554 2361 716 2396 subductis
740 2362 914 2396 rationibus
939 2373 1146 2407 expensarum
1171 2363 1203 2396 in

465 2416 532 2459 ipso
557 2416 706 2459 capitulo,
725 2415 858 2459 singulis
882 2416 1061 2457 abbatibus,
1086 2417 1139 2460 qui
1156 2417 1201 2450 in-

502 2494 512 2519 ¹
537 2493 584 2520 Vel
604 2495 675 2521 1659
694 2494 837 2530 legendum
857 2495 899 2522 vel
920 2496 990 2523 1660
1008 2500 1045 2526 (n.
1061 2496 1110 2527 T.).

501 2537 517 2564 2
536 2537 657 2564 Verbum
676 2539 752 2565 Suae
772 2547 821 2566 nos
840 2539 963 2566 addimus
982 2542 1019 2574 (n.
1034 2541 1083 2572 τ.).

501 2581 518 2610 3
534 2581 634 2610 Forsan
650 2585 680 2611 uc
696 2591 744 2618 pro
760 2586 826 2611 tunc
841 2583 991 2619 legendum
1006 2588 1044 2619 (n.
1061 2585 1109 2619 T.).

1057 176 1236 201 BULLARIUM
1257 178 1412 201 Romanum

1242 225 1426 267 tersuerunt,
1440 232 1507 259 rata
1532 237 1605 270 pars
1629 229 1780 271 pecuniae
1801 229 1978 271 solvendae,

1242 278 1349 311 habita
1374 284 1476 312 tamen
1501 281 1622 314 ratione
1651 281 1838 316 conditionis
1862 294 1976 327 perso-

1241 341 1363 372 narum,
1381 333 1625 375 praescribatur.

1286 384 1320 416 In
1352 385 1489 428 capitulo
1523 387 1664 430 proxime
1688 387 1875 421 celebrando
1899 398 1979 422 nova

1243 442 1310 469 taxa
1333 448 1392 481 pro
1417 439 1649 473 contributione
1666 451 1682 473 a
1698 440 1830 483 singulis
1855 451 1978 474 monas-

1242 489 1327 522 teriis
1363 492 1601 534 procuratoriac
1639 493 1795 536 generalis
1831 493 1980 527 solvenda

1240 542 1304 583 fiat,
1332 546 1454 577 servata
1479 546 1684 589 proportione
1714 546 1891 580 reddituum
1920 557 1977 580 eo-

1241 596 1387 630 rumdem
1413 599 1687 640 monasteriorum,
1719 599 1847 643 praevia
1871 601 1980 634 exacta

1242 654 1339 682 status
1364 651 1613 695 uniuscuiusque
1638 652 1819 685 monasterii
1836 652 1978 696 disquisi-

1242 702 1325 735 tione
1360 703 1531 744 lirmandi1;
1557 716 1603 746 ac,
1627 705 1652 738 si
1677 705 1803 749 quando
1829 709 1980 740 monaste-

1242 755 1323 788 rium
1349 756 1474 800 aliquod
1503 760 1575 790 vera
1607 758 1846 801 superveniente
1871 757 1977 802 impo-

1242 808 1338 842 tentia
1362 815 1460 842 ratam
1485 816 1606 854 partem
1632 821 1720 844 suam
1745 811 1846 844 dictae
1869 821 1980 854 procu-

1241 862 1377 895 ratoriae
1397 863 1518 896 solvere
1534 869 1678 908 nequeat,
1693 864 1869 897 nullatenus
1883 875 1980 908 super

1242 914 1308 948 eius
1332 915 1415 949 bona
1440 927 1552 950 census
1586 917 1808 961 imponantur,
1832 923 1884 951 aut
1919 917 1980 951 alia

1241 978 1439 1012 quacumque
1464 969 1585 1003 ratione
1609 970 1649 1004 ob
1674 970 1754 1003 hanc
1778 981 1903 1004 causam
1927 981 1980 1004 aes

1241 1021 1376 1054 alienum
1410 1022 1449 1056 ab
1475 1033 1512 1057 eo
1537 1023 1760 1063 contrahatur3
1786 1023 1861 1057 alias
1897 1034 1976 1057 con-

1242 1080 1358 1108 tractus
1383 1075 1449 1119 ipse
1473 1077 1621 1111 adversus
1633 1077 1713 1110 hanc
1729 1077 1977 1121 prohibitionem

1241 1127 1335 1161 initus
1365 1129 1471 1163 nullus
1504 1141 1571 1163 esse
1601 1130 1792 1173 intelligatur
1817 1135 1847 1163 et
1870 1129 1924 1171 sit,
1949 1135 1979 1163 et

1240 1181 1387 1224 superior
1418 1183 1608 1216 contrahens
1641 1183 1752 1227 poenis
1786 1183 1817 1216 in
1851 1183 1978 1217 decreto

1239 1234 1285 1267 De
1318 1236 1412 1268 rebus
1451 1237 1656 1280 regularium
1688 1247 1754 1270 non
1789 1236 1978 1270 alienandis

1239 1298 1295 1331 per
1319 1299 1440 1321 sacram
1466 1291 1742 1333 congregationem
1769 1290 1894 1323 concilii
1918 1290 1977 1324 sub

1239 1341 1289 1374 die
1315 1352 1357 1375 v11
1381 1343 1567 1387 septembris
1598 1354 1737 1378 nncxxiv
1763 1343 1867 1384 edito,
1892 1343 1976 1376 aliis-

1239 1406 1300 1438 que
1324 1396 1362 1428 ad
1387 1396 1525 1430 eiusdem
1551 1397 1717 1430 arbitrium
1744 1402 1905 1437 teneatur;
1923 1396 1978 1430 sed

1239 1448 1269 1480 in
1295 1449 1377 1482 dieta
1402 1455 1490 1494 pater
1513 1450 1696 1495 praesidens
1726 1450 1904 1494 generalis,
1930 1453 1978 1484 co'-

1239 1502 1325 1544 gnita
1340 1505 1412 1536 vera
1432 1503 1684 1547 impossibilitate
1701 1504 1767 1537 eius
1785 1503 1976 1546 monasterii,

1239 1566 1317 1588 onus
1348 1556 1386 1589 ad
1421 1557 1524 1600 ipsum
1561 1563 1704 1602 spectans
1735 1557 1766 1590 in
1798 1568 1896 1591 unum
1930 1557 1977 1591 vel

1239 1609 1331 1653 plura
1354 1609 1415 1642 alia
1448 1612 1637 1644 monasteria
1673 1611 1758 1644 iuxta
1793 1621 1903 1644 eorum
1934 1611 1977 1644 vi-

1239 1674 1298 1704 res,
1313 1674 1383 1697 cum
1400 1669 1471 1697 voto
1485 1670 1611 1708 patrum
1626 1665 1830 1706 visitatorum,
1844 1665 1874 1698 in
1887 1670 1977 1709 parte

1239 1718 1285 1750 vel
1311 1717 1342 1750 in
1367 1721 1476 1761 totum,
1503 1723 1531 1751 et
1551 1729 1610 1762 pro
1632 1721 1692 1751 una
1710 1719 1756 1751 vel
1773 1718 1917 1762 pluribus
1937 1718 1977 1751 vi-

1239 1771 1338 1813 cibus,
1363 1777 1458 1816 prout
1481 1772 1605 1805 duxerit
1621 1773 1849 1814 necessarium,
1879 1778 1976 1806 trans-

1238 1825 1324 1868 ferat,
1350 1825 1391 1857 ita
1417 1830 1530 1867 tamen,
1556 1830 1589 1857 ut
1614 1825 1804 1859 monasterio
1831 1825 1877 1858 vel
1908 1836 1976 1859 mo-

1238 1879 1381 1913 nasteriis
1406 1890 1465 1923 pro
1490 1889 1526 1913 eo
1551 1878 1746 1913 solventibus
1770 1879 1818 1912 ius
1842 1890 1974 1924 recupe-

1239 1932 1327 1965 randi
1353 1933 1487 1966 solutam
1522 1932 1688 1976 pecuniam
1724 1932 1874 1965 adversus
1898 1932 1975 1966 illud

1238 1990 1426 2018 reservetur.
1459 1985 1601 2019 Ceterum
1634 1985 1659 2018 si
1684 1984 1804 2018 abbatis
1836 1990 1888 2018 aut
1913 1985 1975 2018 cel-

1238 2039 1344 2072 lerarii
1363 2039 1456 2084 culpa
1472 2039 1699 2073 monasterium
1716 2039 1908 2072 antedictum
1926 2050 1976 2073 so-

1237 2094 1349 2127 lutioni
1375 2094 1531 2138 impotens
1547 2094 1662 2127 sactum
1684 2093 1779 2126 fuisse
1803 2092 1975 2137 comperia-

1238 2153 1288 2181 tur
1313 2147 1415 2191 (cuius
1443 2147 1487 2180 rei
1513 2147 1620 2180 sedula
1644 2158 1700 2190 per
1724 2152 1829 2190 patres
1853 2145 1974 2190 praesi-

1237 2201 1361 2235 dentem
1387 2211 1422 2234 ac
1447 2201 1623 2234 visitatores
1653 2199 1707 2233 siat
1730 2199 1913 2244 indagatio),
1942 2198 1975 2232 in

1237 2255 1307 2288 illos
1332 2265 1391 2298 pro
1417 2254 1530 2287 merito
1555 2253 1832 2286 animadvertatur.

1281 2308 1312 2342 Si
1326 2308 1406 2341 sorte
1424 2307 1650 2341 monasterium
1664 2306 1801 2350 aliquod,
1816 2305 1975 2350 inopinata

1238 2366 1370 2404 urgente
1395 2362 1504 2401 causa,
1529 2370 1624 2403 supra
1656 2359 1803 2403 proprios
1835 2359 1974 2394 redditus

1238 2420 1383 2459 sumptus
1407 2414 1509 2447 facere
1535 2420 1565 2447 et
1588 2419 1817 2457 consequenter
1832 2423 1884 2446 aes
1903 2413 1975 2447 alie-

1237 2480 1313 2502 num
1339 2467 1525 2501 contrahere
1545 2472 1686 2510 cogatur,
1704 2466 1735 2499 in
1760 2466 1848 2499 libris
1874 2466 1973 2509 magi-

1237 2521 1310 2555 stris
1327 2521 1467 2554 eiusdem
1487 2520 1667 2554 monasterii
1683 2520 1838 2553 antedicta
1856 2529 1974 2562 urgens

1238 2586 1331 2609 causa
1355 2574 1491 2608 dilucide
1527 2579 1693 2608 annotetur
1718 2579 1747 2607 et
1779 2573 1972 2618 explicetur,

1998 183 2046 209 An.
2063 183 2090 212 C.
2113 184 2177 212 ¹660
2229 201 2232 208 l
