2243 3205
227 184 411 212 An.c.1659
456 175 523 209 436⁷

427 232 595 273 Poloniczi,
626 242 707 265 unus
730 242 789 276 pro
813 232 943 275 Auglica
958 259 965 273 ,
999 243 1079 266 unus
1105 244 1164 276 pro

426 287 544 320 Graeca
563 290 592 318 et
609 296 689 318 unus
707 296 765 330 pro
783 286 904 330 Illyrica
918 286 1094 320 nationibus
1111 298 1164 320 seu

425 339 540 382 linguis
565 339 704 372 minores
729 339 961 383 poenitentiarii
994 341 1165 384 respective

425 393 634 436 deputentur,
660 403 695 425 ac
720 393 847 436 insuper
872 404 990 435 unum,
1012 398 1165 437 quatenus

426 447 620 480 necessarius
645 446 785 480 videatur
809 447 921 480 dilecto
946 447 1011 480 filio
1036 457 1165 491 praepo-

427 499 487 532 sito
512 500 651 542 generali
677 500 816 532 eiusdem
842 500 1014 541 Societatis⁷
1036 499 1089 543 qui
1107 509 1165 542 pro

427 553 571 586 ministro
589 553 713 595 serviat,
732 558 761 585 et
774 553 810 585 ad
833 563 971 586 mensam
990 553 1081 595 legat,
1099 562 1167 584 nec-

427 617 489 640 non
514 612 649 650 quatuor
674 607 832 640 adiutores
864 607 960 640 laicos
991 606 1091 639 dictae
1115 606 1166 638 So·

428 660 568 700 eietatis,
594 671 648 693 seu
673 671 743 701 eos,
774 660 827 704 qui
860 661 960 694 eidem
986 660 1166 705 praeposito

427 714 566 755 generali
598 714 732 746 servitiis
759 714 1016 757 presbyterorum
1042 713 1166 755 regula-

428 767 510 799 rium
535 767 659 810 collegii
685 767 865 800 huiusmodi
889 767 1057 800 necessarii
1083 766 1166 799 vide-

427 819 565 861 buntur,
591 826 744 864 perpetuo
769 821 886 854 babere
911 826 941 853 et
965 825 1167 853 manutenere

429 874 540 906 debeat
564 879 594 906 et
618 879 770 907 teneatur.
788 874 987 907 Declarantes
1011 878 1041 906 et
1065 873 1169 906 decer-

429 932 547 967 nentes,
580 927 664 970 quod
698 927 911 970 unusquisque
944 926 1082 967 illorum,
1115 926 1167 969 qui

429 992 463 1012 ex
490 980 657 1023 praedictis
677 981 870 1024 presbyteris
888 980 1086 1023 regularibus
1109 990 1167 1023 pro

429 1044 524 1076 supra
559 1034 715 1077 expressis
751 1034 930 1067 nationibus
968 1044 1022 1066 seu
1053 1033 1168 1076 linguis

429 1086 567 1119 minores
587 1086 820 1130 poenitentiarii
844 1086 1018 1130 respective
1042 1087 1169 1130 deputa-

429 1139 556 1180 huntur,
571 1150 608 1172 ex
633 1140 685 1172 itt-:1
710 1140 845 1180 natione,
870 1150 928 1183 pro
953 1151 1014 1183 qua
1039 1140 1167 1183 deputa-

429 1193 524 1233 bitur,
542 1204 615 1226 vere
639 1198 669 1225 et
696 1193 822 1226 realiter
846 1203 923 1235 esse,
942 1193 1103 1237 ipsiusque
1120 1203 1170 1226 na-

430 1247 523 1279 tionis
549 1247 665 1280 idioma
695 1247 811 1290 optime
840 1247 954 1280 callere
979 1247 1111 1288 debeat,
1141 1253 1170 1280 et

429 1300 514 1344 quod
538 1300 604 1341 illi,
636 1300 689 1344 qui
715 1300 746 1332 in
770 1300 955 1342 regionibus
986 1300 1168 1334 earumdem

429 1354 590 1387 nationum
616 1353 788 1397 respective
812 1353 875 1386 nati
900 1358 930 1386 et
954 1353 1076 1387 educati
1107 1364 1170 1386 non

430 1406 512 1448 sint,
533 1406 590 1439 sub
614 1416 814 1450 quocumque
838 1411 1020 1450 praetextu,
1050 1406 1170 1439 etiamsi

431 1460 588 1493 idiomatis
605 1460 749 1501 nationis,
767 1470 825 1503 pro
837 1470 898 1503 qua
911 1459 1073 1503 deputari¹
1091 1460 1172 1503 peri-

432 1513 542 1545 tissimi
556 1513 666 1555 sorent,
681 1513 719 1545 ad
734 1513 891 1546 minorum
915 1513 1172 1556 poenitentiario-

431 1577 502 1598 rum
517 1566 698 1599 huiusmodi
713 1566 815 1599 officia
828 1566 950 1599 adsumi
965 1576 1027 1599 non
1041 1566 1170 1610 possint.

432 1619 519 1659 Quod
545 1620 581 1661 si,
606 1625 736 1663 propter
760 1624 915 1660 mortem,
936 1619 1170 1660 infirmitatem,

434 1673 650 1714 remotionem,
668 1673 792 1706 aliudve
809 1673 941 1717 quodvis
966 1673 1172 1716 impedimen-

433 1733 498 1760 tum
518 1727 650 1760 alicuius
668 1738 702 1760 ex
719 1727 887 1771 praedictis
908 1727 1083 1760 minoribus
1100 1738 1172 1771 poe-

433 1781 619 1815 nitcntiariis
643 1792 701 1825 pro
726 1786 870 1824 tempore
888 1780 1055 1824 deputatis,
1077 1792 1171 1824 opor-

435 1837 527 1869 tuerit
542 1835 637 1868 alium
657 1835 688 1867 in
704 1835 770 1868 eius
795 1835 899 1868 locum
925 1836 963 1868 ad
988 1835 1170 1869 exercitium

434 1890 528 1923 officii
546 1888 677 1922 minoris
692 1888 923 1932 poenitentiarii
941 1889 1091 1932 tantisper
1105 1889 1173 1922 sub-

434 1943 562 1985 rogari,
588 1953 625 1976 eo
651 1953 725 1975 casu
761 1942 895 1975 alterum
929 1942 1067 1975 eiusdem
1100 1954 1170 1976 cum

434 1997 487 2029 illo
512 1996 657 2037 nationis,
678 1996 702 2028 si
723 1995 832 2028 baberi
852 1995 983 2029 idoneus
1001 1996 1108 2039 possit,
1126 1997 1172 2029 sin

434 2051 560 2090 minus,
586 2050 680 2082 alium
714 2049 843 2082 alterius
875 2049 1001 2092 quidem
1027 2050 1172 2091 nationis,

434 2103 487 2136 sed
512 2103 566 2146 qui
592 2102 749 2135 idiomatis
773 2102 908 2135 nationis
933 2113 968 2135 ex
987 2113 1049 2146 qua
1066 2103 1174 2136 defun-

434 2162 511 2198 ctus,
538 2156 697 2198 infirmus,
722 2161 872 2196 remotus,
897 2157 944 2188 vel
969 2156 1044 2189 alias
1069 2156 1171 2200 impe-

435 2210 518 2243 ditus
542 2210 646 2250 suerit,
670 2210 789 2253 peritus
815 2210 933 2250 existat,
947 2209 1092 2242 substitui
1121 2221 1172 2244 vo-

435 2265 553 2297 lumus:
580 2264 621 2295 ita
646 2268 771 2303 tamen,
803 2268 838 2295 ut
869 2263 912 2296 sic
938 2263 1173 2297 substituendus

435 2324 505 2351 ante
530 2318 635 2350 onmia
661 2317 731 2361 (nisi
757 2317 847 2350 aliter
872 2316 911 2350 ob
937 2322 1101 2360 urgentem
1122 2328 1174 2350 ne-

435 2372 608 2405 cessitatem
634 2371 745 2404 maiori
770 2370 1012 2414 poenitentiario
1037 2381 1120 2403 nunc
1145 2376 1174 2403 et

436 2436 493 2469 pro
519 2430 662 2468 tempore
682 2424 824 2457 existenti
844 2424 944 2457 visum
963 2425 1070 2469 fuerit)
1088 2436 1174 2468 prae-

436 2479 486 2511 vio
512 2479 653 2511 examine
678 2478 709 2511 in
734 2478 894 2521 signatura
914 2478 1174 2521 poenitentiariae

436 2532 639 2576 approbetur,
653 2537 683 2565 et
694 2542 751 2576 per
763 2532 892 2566 modum
906 2532 1105 2576 provisionis,
1115 2543 1174 2577 pro

1000 175 1186 209 'BULLARIUM
1211 185 1364 208 nomnen

1952 183 2002 211 An.
2018 183 2046 211 C.
2067 183 2150 212 1659·

1200 243 1236 265 eo
1261 237 1403 276 tempore
1426 232 1586 265 dumtaxat
1611 242 1673 276 quo
1700 232 1824 267 durabit
1843 232 1934 266 infir-

1200 285 1289 317 mitas
1313 285 1360 318 vel
1381 284 1640 329 impedimentum
1664 284 1781 318 infirmi
1809 286 1857 318 vel
1884 286 1939 318 im-

1200 338 1317 382 pediti,
1343 349 1397 371 seu
1422 338 1521 371 donee
1553 338 1699 372 defuncto
1735 338 1783 371 vel
1815 344 1938 372 remoto

1200 402 1363 425 successor
1388 391 1485 425 suerit
1508 391 1706 433 constitutus,
1726 391 1893 435 deputetur
1910 397 1940 425 et

1199 445 1398 488 subrogetur.

1244 499 1258 541 ἓ
1283 498 1312 531 6.
1337 499 1435 532 Porro
1460 498 1643 532 electionem
1661 498 1803 539 rectoris,
1824 503 1940 531 cetero·
1966 510 2137 541 ‚Emotis-›recto-

1200 562 1333 596 rumque
1351 552 1509 585 minorum
1527 551 1840 596 poenitentiariorum
1855 562 1941 596 prae·
1955 540 2139 594 ἶῖἷτᾞῗῖῗιωᾷῗῖ

1200 604 1275 638 dieti
1300 605 1426 648 collegii
1450 605 1625 649 apostolici,
1642 614 1726 637 nunc
1742 609 1772 637 et
1789 614 1848 648 pro
1865 609 1941 637 tem-
1955 591 2138 643 ῗέὖὲιῖῗοῗιῖῗῖθ”

1200 669 1277 702 pore
1296 658 1437 692 existenti
1456 658 1636 702 praeposito
1661 657 1801 702 generali
1825 667 1942 691 memo-

1201 716 1285 746 ratae
1309 711 1472 745 Societatis
1497 712 1675 745 tribuimus.

1245 766 1259 809 ξ
1285 766 1313 799 7.
1338 765 1526 806 statuentes,
1551 770 1585 798 ut
1609 765 1647 798 ab
1673 764 1784 798 eodem
1808 773 1942 808 praepo·
1972 777 2139 807 ‘momenm-

1202 819 1260 852 sito
1285 819 1424 862 generali
1443 830 1502 863 pro
1521 823 1662 863 tempore
1679 818 1768 852 electi
1789 828 1851 851 non
1871 822 1942 851 ante
1956 803 2138 851 ssi{.⁹‘³‘³¹¹¹¹³'¹⁰‘

1201 872 1240 905 ad
1253 872 1438 906 exercitium
1452 872 1611 906 minorum
1625 870 1942 916 poenitentiariorum

1202 926 1383 960 huiusmodi
1408 926 1622 968 admittantur,
1648 936 1741 970 quam
1767 925 1851 959 circa
1875 934 1942 958 ma-

1202 980 1297 1014 terias
1322 980 1360 1013 ad
1385 980 1467 1013 idem
1494 980 1632 1013 officium
1657 984 1832 1023 spectantes
1853 979 1884 1010 in
1900 977 1962 1023 di-¹

1203 1035 1251 1066 eta
1276 1034 1437 1077 signatura
1461 1033 1721 1077 poenitentiariae
1739 1033 1824 1065 iuxta
1839 1031 1943 1075 dispo-

1203 1086 1346 1120 sitionem
1371 1087 1546 1120 litterarum
1565 1086 1750 1119 recolendae
1770 1085 1942 1118 memoriae

1202 1141 1368 1175 Clementis
1383 1142 1483 1185 Papae
1497 1141 1560 1174 VIII
1582 1139 1833 1184 praedecessoris
1858 1138 1943 1182 pari-

1203 1200 1250 1228 ter
1274 1195 1373 1228 nostri
1399 1195 1430 1227 in
1454 1194 1547 1227 simili
1572 1194 1674 1227 forma
1704 1192 1810 1225 Brevis
1835 1192 1885 1224 die
1909 1200 1944 1224 111

1204 1248 1392 1292 septembris
1416 1257 1526 1281 iunxcn
1543 1246 1760 1291 expeditarum
1778 1244 1944 1278 examinati

1204 1306 1233 1334 et
1265 1301 1430 1345 approbati
1463 1300 1588 1334 suerint.
1620 1300 1765 1333 Ceterum
1795 1298 1865 1338 illi,
1891 1297 1945 1342 qui

1204 1355 1301 1388 semel
1322 1355 1353 1387 in
1368 1354 1477 1387 eadem
1495 1354 1658 1397 signatura
1676 1351 1945 1396 poenitentiariae‚

1205 1410 1285 1442 sicut
1308 1408 1530 1452 praemittitur,
1546 1406 1713 1440 examinati
1732 1409 1762 1439 et
1780 1404 1945 1449 approbati

1205 1462 1330 1502 suerint,
1348 1461 1482 1494 examini
1500 1460 1603 1493 denuo
1620 1470 1688 1493 sese
1711 1458 1866 1492 subiicere
1882 1467 1946 1491 non

1206 1515 1403 1557 tenebuntur,
1429 1515 1488 1548 nisi
1513 1514 1604 1548 nobis
1629 1518 1659 1547 et
1683 1514 1824 1546 Romano
1845 1511 1947 1546 Ponti-

1205 1569 1255 1602 fici
1272 1579 1331 1613 pro
1347 1574 1492 1613 tempore
1517 1567 1660 1601 existenti
1678 1577 1714 1599 ex
1733 1567 1837 1610 aliqua
1853 1566 1946 1600 eausa

1206 1622 1387 1667 particulari
1412 1632 1502 1655 secus
1526 1621 1679 1654 videatur.

1251 1676 1318 1720 58.
1352 1676 1383 1709 Si
1418 1680 1522 1709 autem
1559 1675 1690 1708 dilectus
1725 1673 1808 1706 filius
1839 1677 1946 1707 noster
1961 1681 2155 1729 wgtffizspoeunois

1206 1730 1351 1763 Nloolaus
1377 1729 1457 1762 tituli
1482 1729 1510 1762 S.
1534 1728 1648 1761 Mariae
1668 1727 1859 1770 Angelorum
1880 1737 1946 1760 san·
1960 1735 2022 1783 {⁰⁰3⁰
2041 1714 2142 1782 ⁰⁰⁵{3233

1207 1788 1274 1816 ctae
1299 1784 1458 1816 Romanae
1482 1781 1639 1815 Ecclesiae
1663 1781 1828 1825 presbyter
1844 1779 1946 1814 cardi·
1960 1767 2025 1810 aegre.s
2057 1766 2105 1787 ⁹⁰¹³

1207 1837 1285 1869 nalis
1310 1836 1496 1869 Ludovisius
1512 1840 1721 1878 nuncupatus,
1741 1844 1825 1867 nunc
1841 1839 1871 1867 et
1886 1844 1945 1878 pro

1207 1895 1349 1934 tempore
1374 1890 1509 1923 existens
1545 1888 1647 1922 maior
1676 1887 1945 1932 poenitentiarius,

1206 1945 1342 1988 aliquem
1369 1954 1386 1976 a
1409 1943 1570 1987 praedicto
1602 1942 1783 1986 praeposito
1807 1941 1946 1985 generali

1207 1998 1245 2031 ad
1259 1997 1397 2031 officium
1415 1997 1546 2030 minoris
1560 1996 1793 2039 poenitentiarii
1811 1996 1945 2029 electum

1208 2051 1336 2084 minime
1354 2050 1478 2083 duxerit
1494 2049 1732 2089 admittendum,
1746 2049 1863 2093 poterit
1880 2049 1946 2093 ipse

1207 2105 1353 2137 Nicolaus
1379 2103 1545 2136 cardinalis
1561 2112 1644 2135 nunc
1669 2108 1699 2135 et
1719 2113 1778 2146 pro
1803 2107 1946 2147 tempore

1208 2158 1344 2191 existens
1369 2157 1469 2190 maior
1494 2156 1753 2200 poenitentiarius
1777 2156 1862 2189 illius
1879 2166 1946 2189 exa-

1208 2211 1411 2244 minationem
1438 2210 1589 2253 tantisper
1613 2209 1821 2253 suspendere,
1846 2208 1945 2242 donec

1207 2266 1287 2298 sacta
1311 2263 1500 2307 quamcitius
1532 2263 1622 2296 nobis
1652 2268 1681 2296 et
1712 2273 1770 2306 pro
1802 2268 1945 2306 tempore

1208 2317 1350 2351 existenti
1375 2317 1516 2350 Romano
1542 2316 1683 2349 Pontifici
1708 2316 1775 2349 eius
1799 2316 1845 2349 rei
1870 2316 1947 2349 rela-

1209 2371 1301 2412 tione,
1327 2370 1402 2414 quid
1423 2370 1491 2403 fieri
1508 2370 1621 2403 debeat
1637 2370 1732 2403 fuerit
1756 2369 1944 2404 ordinatum.

1252 2426 1266 2468 ἓ
1290 2424 1319 2457 9.
1344 2424 1402 2463 Qui
1422 2433 1496 2456 vero
1513 2423 1552 2456 ad
1572 2423 1755 2456 exercitium
1776 2423 1870 2456 officii
1887 2423 1944 2456 mi·
1973 2427 2042 2449 Seme¹
2055 2427 2140 2449 admissi

1959 2460 2000 2475 non
2030 2460 2140 2475 amovean-

1207 2477 1292 2511 noris
1318 2476 1550 2520 poenitentiarii
1575 2476 1756 2510 huiusmodi
1773 2476 1870 2509 semel
1889 2475 1943 2508 ad·
1958 2481 2045 2502 tursine
2057 2481 2140 2502 maiori·

1935 2530 1941 2535 .
1970 2508 2127 2534 poenitentiarii

1208 2532 1294 2565 missi
1321 2532 1447 2574 suerint,
1467 2532 1506 2565 ab
1531 2531 1641 2565 eodem
1666 2531 1770 2564 officio
1786 2540 1943 2564 removeri
1958 2534 2066 2557 saeuum.

473 2596 483 2622 1
502 2594 630 2630 Legerem
646 2595 777 2630 deputati
794 2595 833 2624 vel
848 2596 1059 2631 deputarentur
1073 2597 1110 2631 (a.
1125 2595 1173 2631 T.).
1208 2586 1257 2620 vel
1271 2586 1395 2628 diutim,
1408 2591 1461 2621 aut
1477 2596 1513 2621 ex
1527 2586 1659 2630 collegio
1675 2585 1835 2630 praedicto
1848 2584 1944 2619 disce-

2240 1666 2243 1678 ..
2238 1629 2243 1655 -.
2227 1498 2243 1609 ———4.--
