2263 3215
326 226 377 252 An.
398 225 425 258 C.
442 225 511 253 1656

557 216 620 249 458
1103 228 1280 252 BULLAnttJM

570 275 700 317 lnsuper
725 283 942 318 quaecumque
968 275 1063 307 verba
1093 286 1148 309 seu
1173 276 1280 318 signa*

525 327 616 360 ctiam
642 327 822 370 aequivoca,
839 328 949 370 quovis
967 328 1059 362 modo
1077 333 1147 372 apta
1173 329 1261 361 indu-
1279 344 1281 374 ,t

525 391 595 413 cere
620 390 854 424 quamcumque
875 381 1098 424 obligationem
1128 382 1280 414 iustitiae'

524 437 576 464 aut
595 432 751 465 fidelitatis
772 433 801 465 in
826 434 990 477 principali
1008 445 1062 467 seu
1080 434 1261 476 mediatore,
1280 435 1281 465 ἶ

525 485 617 517 etiam
648 486 705 518 sub
726 486 816 520 titulo
842 488 1104 521 remunerationis
1125 488 1170 520 rel
1196 477 1281 530 gra-³

527 538 688 580 titudinis,
722 550 738 571 a
771 540 1045 574 constitutionibus
1077 540 1281 584 supradictis¹

525 591 687 634 prohiberi
703 604 710 632 3
1280 582 1282 592 ⁵

569 645 714 684 Quinimo
740 657 801 680 non
827 648 921 681 licere
946 648 1113 692 quicquam
1132 644 1282 691 promit-¹

526 703 611 742 tere,
645 699 718 733 dare
753 701 798 733 vel
832 702 977 745 accipere
1013 701 1263 744 quibuscumque
1281 710 1282 714 ¹

526 751 692 793 iudicibus,
719 754 891 795 ministris,
917 754 1115 794 officialibus,
1141 759 1171 786 et
1196 754 1264 786 aliis

526 807 742 840 auctoritatem
769 813 821 840 aut
846 813 1029 851 potestatem
1056 807 1263 848 habentibus,

525 868 582 891 nec
607 860 858 905 quibuscumque
885 861 1119 902 mediatoribus,
1136 871 1194 904 pro
1211 860 1263 893 de—

528 913 665 947 fensione
698 914 775 947 iuris
799 915 949 958 quaesiti,
976 915 1040 948 sive
1069 915 1264 948 assecutione

526 967 707 1010 quaerendi,
722 968 815 1000 etiam
837 969 873 1001 ad
889 968 1101 1001 redimendam
1117 969 1262 1001 iniustam
1281 984 1283 996 t

528 1020 734 1061 vexationem,
754 1027 850 1062 motu,
872 1023 1011 1064 scientia,
1028 1022 1264 1063 deliberatione,

526 1074 687 1115 potestatis
705 1074 898 1118 plenitudine
916 1080 946 1108 et
966 1080 1074 1108 tenore
1095 1074 1265 1118 praedictis

527 1125 727 1159 decernimus
744 1127 862 1171 pariter
876 1133 905 1160 et
926 1127 1131 1160 declaramus.

572 1179 616 1212 Ad
637 1180 695 1213 hoc
721 1180 871 1223 dationes,
888 1181 1112 1224 promissiones
1130 1186 1159 1214 et
1176 1191 1264 1214 accc-

528 1233 649 1276 ptiones
667 1245 725 1277 pro
740 1234 902 1277 guberniis
921 1235 966 1267 vel
984 1235 1052 1267 aliis
1066 1235 1266 1279 quibuscum-

527 1297 587 1330 que
605 1288 716 1319 officiis
732 1293 761 1319 et
779 1288 961 1321 muneribus
979 1289 1070 1321 etiam
1092 1289 1267 1321 minoribus

528 1341 727 1382 obtinendis,
753 1342 816 1375 sive
843 1353 899 1386 pro
925 1343 1017 1375 unica
1043 1342 1122 1383 vice,
1147 1342 1211 1375 sive
1236 1342 1266 1374 in

528 1395 670 1438 singulos
702 1406 801 1429 annos
836 1401 888 1428 aut
920 1406 1064 1436 menses,
1098 1396 1144 1428 vel
1178 1395 1267 1428 aliter

528 1448 836 1492 quomodocumque,
854 1460 871 1480 a
891 1448 1166 1481 constitutionibus
1183 1459 1268 1492 prae-

529 1502 620 1534 dictis
645 1502 805 1543 interdici,
833 1513 933 1545 neque
966 1502 1139 1542 iudicibus,
1167 1502 1268 1534 minis-

531 1556 585 1588 tris
610 1566 644 1588 ac
665 1555 850 1589 officialibus
871 1566 929 1599 pro
955 1556 1056 1598 gratia
1078 1555 1125 1588 vel
1153 1555 1268 1588 iustitia

530 1609 710 1650 obtinenda,
734 1610 826 1642 etiam
856 1609 885 1641 in
908 1609 956 1642 his
985 1620 1064 1653 quae
1093 1609 1270 1653 dependent

530 1662 568 1694 ab
593 1673 702 1696 eorum
723 1662 855 1696 arbitrio
872 1668 901 1695 et
924 1662 962 1695 ad
979 1673 1058 1706 quae
1077 1662 1269 1706 obligatione

532 1716 666 1749 institiae
684 1727 746 1750 non
765 1723 920 1757 tenentur,
939 1717 1106 1760 quicquam
1125 1716 1200 1750 dare
1218 1722 1267 1750 aut

530 1770 727 1813 promittere,
748 1781 804 1803 nec
832 1770 907 1813 ipsis
924 1770 1069 1814 accipere
1091 1770 1202 1810 licere;

576 1824 682 1867 Neque
711 1823 803 1856 etiam
824 1823 1012 1867 permissum
1036 1834 1103 1856 csse
1129 1823 1269 1856 officiali-

531 1877 589 1910 bus
614 1877 660 1910 vel
685 1877 837 1910 ministris
862 1877 962 1910 dictae
987 1877 1074 1910 Sedis
1105 1877 1134 1909 in
1164 1877 1269 1920 provi-

531 1931 682 1972 sionibus,
708 1942 761 1963 seu
786 1941 895 1963 earum
921 1931 1095 1971 occasione,
1117 1941 1270 1974 quorum—

533 1995 668 2028 cumque
691 1984 880 2024 officiorum,
898 1984 990 2016 etiam
1020 1984 1268 2017 iurisdictionem

535 2038 579 2070 vel
604 2038 671 2070 eius
696 2037 879 2070 exercitium
900 2047 1053 2070 annexum
1079 2047 1140 2070 non
1158 2037 1271 2070 haben-

534 2092 632 2131 tium,
664 2091 827 2134 imponere
858 2091 1042 2134 pensionem
1074 2090 1187 2129 ullam‚
1221 2101 1268 2123 re-

534 2144 746 2188 sponsionem,
768 2144 1025 2187 praestationem,
1043 2144 1090 2176 vel
1108 2155 1197 2186 onus,
1216 2155 1270 2177 seu

533 2203 653 2241 partem
672 2198 809 2242 aliquam
827 2198 984 2231 commodi
1003 2198 1048 2231 vel
1067 2197 1269 2231 emolumenti

533 2251 571 2284 ad
600 2251 646 2284 sui
672 2251 718 2283 vel
739 2251 871 2284 alicuius
896 2251 1024 2283 alterius
1045 2251 1270 2294 cuiuscumque

533 2304 671 2338 savorem
686 2315 858 2345 reservare,
871 2304 990 2348 absque
1004 2306 1150 2348 expressa
1164 2310 1193 2337 et
1206 2315 1272 2348 spe-

535 2358 604 2391 ciali
622 2358 653 2390 in
678 2358 810 2400 singulis
828 2357 950 2391 casibus
966 2360 1073 2391 nostra
1091 2363 1121 2391 et
1140 2357 1271 2391 Romani

536 2412 693 2446 Pontificis
718 2423 775 2456 pro
801 2418 943 2455 tempore
964 2411 1123 2445 existentis
1147 2411 1271 2444 licentia

535 2466 566 2498 in
584 2466 709 2509 scriptis
734 2466 763 2499 in
789 2465 920 2508 singulis
940 2465 1063 2498 casibus
1084 2465 1121 2497 ab
1140 2466 1270 2508 utraque

534 2523 621 2562 parte
646 2519 829 2559 obtinenda;

579 2572 709 2616 Insuper
733 2573 892 2615 exigentes
916 2582 933 2605 a
958 2571 1110 2616 partibus,
1133 2571 1179 2605 vel
1204 2571 1272 2604 aliis

538 2626 687 2658 interesse
712 2625 915 2667 habentibus,
943 2636 994 2658 seu
1028 2624 1211 2667 agentibus,
1236 2634 1288 2665 ac,

1306 228 1458 252 ηοΜΑΝυΜ

1298 276 1524 310 mediatoribus
1549 276 1801 320 quibuscumque
1836 276 2035 320 pollicitatio-

1297 340 1362 370 nes,
1387 330 1629 373 promissiones,
1654 333 1751 372 pacta,
1777 329 1829 362 vel.
1850 329 2035 374 recipientes

1298 383 1415 426 aliquid
1433 383 1490 415 sub
1518 382 1690 415 assertione
1707 382 1791 426 quod
1812 382 1962 423 iudicum,
1980 382 2037 415 mi-

1297 436 1489 477 nistrorum,
1515 435 1719 476 officialium,
1744 441 1797 468 aut
1831 440 2035 478 magnatum,

1298 500 1351 521 seu
1369 489 1502 521 aliorum
1521 499 1794 532 quorumcumque
1811 499 1951 532 operam,
1978 498 2035 521 au-

1298 541 1474 574 ctoritatem
1506 541 1551 574 vel
1576 541 1678 575 officia
1702 542 1804 585 pretio
1829 541 1876 574 vel
1902 541 2036 574 muneri-

1299 595 1355 627 bus
1384 599 1436 629 aut
1459 595 1721 638 promissionibus
1745 595 1923 628 huiusmodi
1949 605 2035 628 com-

1299 647 1478 691 paraverint
1501 658 1555 681 seu
1576 647 1805 691 quaesit-evium

1343 702 1469 734 Necnon
1483 701 1702 744 pollicitantes‚
1722 701 1948 744 promittentes,
1965 700 2037 734 offe·

1300 760 1412 791 rentes.
1437 765 1473 787 ac
1498 753 1620 788 tradere
1646 759 1800 787 tentantes
1815 780 1822 794 ,
1847 753 1919 787 licet
1943 753 2036 798 polli-

1281 808 1414 848 =citatio,
1441 807 1608 851 promissio
1640 813 1670 840 et
1694 807 1811 841 oblatio
1836 817 1898 840 non
1921 806 2038 841 suerint

1300 867 1487 905 acceptante,
1504 872 1605 905 neque
1626 861 1751 894 traditio
1775 866 1890 902 secuta,
1904 861 2038 894 nullum-

1299 927 1359 960 que
1384 915 1550 949 habuerint
1571 915 1735 955 effectum,

1344 971 1386 1002 Ac
1411 969 1502 1002 etiam
1529 969 1609 1009 illos,
1633 969 1700 1012 qui,
1726 979 1762 1002 ex
1788 979 1826 1003 eo
1850 968 1934 1013 quod
1959 978 2034 1012 gra-

1300 1024 1357 1056 tias
1388 1029 1417 1057 et
1449 1024 1570 1057 favores
1604 1023 1678 1066 ipsis
1708 1022 1747 1056 ob
1772 1022 2038 1063 familiaritatem,

1300 1078 1450 1121 obsequia
1469 1083 1499 1110 et
1523 1077 1648 1110 servitia
1672 1076 1808 1120 propriis
1832 1076 1967 1110 dominis
1990 1075 2037 1108 vel

1300 1131 1367 1164 aliis
1392 1131 1538 1175 praestita
1563 1130 1694 1170 debitos,
1719 1141 1774 1163 seu
1800 1130 1838 1163 ab
1870 1129 1945 1174 ipsis
1973 1139 2039 1173 spe-

1302 1184 1412 1227 ratos¹,
1436 1186 1464 1217 in
1485 1184 1619 1218 aliorum
1645 1195 1715 1217 cum
1734 1183 1862 1228 propria
1884 1182 2039 1216 eiusmodi

1302 1238 1378 1271 iuris
1404 1239 1449 1271 vel
1475 1238 1539 1282 spei
1563 1238 1683 1270 iactura
1707 1236 1909 1271 commodum
1936 1241 1966 1269 et
1990 1235 2039 1269 be-

1301 1292 1448 1324 neficium
1475 1291 1686 1331 transferunt,
1711 1295 1897 1324 convertunt
1926 1294 1957 1323 et
1980 1289 2036 1322 im-

1302 1344 1441 1388 pendunt
1469 1355 1526 1388 pro
1551 1344 1651 1386 gratia
1676 1354 1732 1376 seu
1760 1343 1878 1377 iustitia
1913 1352 1972 1386 pro
1996 1342 2040 1375 eis

1302 1397 1481 1438 obtinenda,
1495 1397 1612 1441 aliquid
1630 1397 1794 1441 recipiunt,
1813 1396 1871 1429 sub
1889 1405 2041 1429 memora-

1304 1451 1340 1484 tis
1365 1450 1639 1484 constitutionibus
1664 1449 1829 1490 contineri,
1853 1449 2040 1492 illarumque

1303 1504 1411 1548 poenis
1435 1510 1465 1537 et
1490 1503 1631 1537 censuris
1651 1502 1808 1536 subiectos
1831 1512 1919 1542 esse;

1347 1558 1407 1592 Pro
1431 1558 1544 1591 actuali
1570 1568 1645 1590 vero
1670 1557 1778 1590 labore
1802 1557 1886 1591 circa
1909 1555 2037 1600 expedi—

1305 1612 1420 1645 tionem
1449 1612 1689 1655 impetratorum
1714 1621 1777 1644 non
1804 1610 1899 1643 licere
1923 1608 2040 1643 officia·

1305 1665 1406 1705 libus,
1432 1664 1603 1698 curialibus
1636 1670 1666 1697 et
1696 1664 1764 1698 aliis
1789 1663 2041 1708 quibuscumque

1305 1718 1456 1762 recipere,
1481 1728 1538 1751 nec
1570 1718 1630 1750 illis
1660 1717 1821 1761 pollicere,
1846 1715 2041 1760 promittere,

1305 1772 1351 1804 vel
1372 1781 1444 1804 cum
1464 1771 1508 1804 eis
1526 1770 1641 1814 pacisci
1662 1770 1721 1804 nisi
1745 1769 1923 1803 mercedem
1940 1768 2041 1803 labori

1304 1824 1541 1858 convenientem
1555 1835 1562 1864 ;

1348 1878 1506 1911 Iudicibus
1530 1883 1646 1918 autern,
1671 1877 1856 1911 officialibus
1889 1881 1919 1911 et
1943 1876 2038 1910 mini-

1304 1931 1375 1965 stris
1399 1931 1661 1975 quibuscumque,
1679 1931 1793 1974 quibus
1818 1929 1970 1964 incumbit
1994 1939 2042 1963 ex·

1304 1984 1421 2027 peditio
1446 1984 1564 2027 gratiae
1590 1984 1636 2017 vel
1662 1984 1807 2024 iustitiae,
1826 1983 1954 2016 minime
1970 1993 2041 2027 per-

1305 2037 1383 2070 mitti
1409 2038 1580 2082 quidquam
1607 2038 1758 2081 recipere,
1775 2047 1877 2081 neque
1894 2036 1954 2070 illis
1974 2035 2041 2080 pol-

1304 2091 1414 2132 liceri,
1438 2091 1634 2135 promittere,
1660 2091 1706 2123 vel
1732 2101 1802 2124 cum
1829 2091 1873 2124 eis
1904 2089 2041 2134 pacisci,

1305 2145 1387 2177 ultra
1408 2150 1492 2177 taxas
1510 2145 1732 2188 praescriptas,
1749 2144 1842 2177 etiam
1859 2143 1980 2178 ratione
1995 2153 2042 2175 ce-

1305 2197 1428 2230 lerioris
1445 2202 1498 2229 aut
1515 2197 1663 2230 facilioris
1681 2196 1908 2241 expeditionis;

1348 2250 1427 2289 Quin
1464 2250 1556 2284 etiam
1589 2250 1732 2284 illicitum
1766 2261 1833 2284 esse
1869 2249 2039 2294 quidquam

1306 2314 1455 2346 magnum
1481 2305 1527 2337 vel
1560 2315 1691 2348 parvum
1726 2303 1880 2337 iudicibus
1915 2313 1950 2337 ac
1983 2303 2040 2336 mi-

1304 2357 1410 2390 nistris
1441 2357 1633 2402 quibuslibet
1667 2357 1804 2397 offerre,
1835 2356 2040 2401 promittere,

1304 2411 1429 2455 pacisci,
1454 2422 1509 2444 seu
1532 2411 1693 2455 polliceri,
1718 2411 1803 2451 dare,
1829 2411 1876 2444 vel
1902 2410 1940 2443 ab
1965 2409 2042 2454 ipsis

1305 2465 1459 2508 recipere,
1486 2464 1618 2498 mediate
1652 2465 1697 2498 vel
1724 2463 1923 2506 immediate,
1949 2463 2041 2497 etiam

1341 2591 1351 2615 l
1373 2588 1441 2615 Male
1459 2588 1522 2615 edit.
1541 2588 1622 2616 Μαίη.
1640 2588 1703 2623 legit
1718 2591 1864 2623 separatos
1885 2596 1933 2622 pro
1947 2596 2041 2622 spera·

1306 2635 1344 2659 Ios
1364 2635 1401 2660 (R.
1419 2634 1465 2665 Τ,).

2043 228 2094 255 An.
2115 229 2144 256 G.
2163 230 2226 261 ¹050
