2243 3205
248 170 297 199 An.
314 172 342 200 c.
365 172 432 200 ¹659
477 163 543 196 494

275 339 416 361 Prooemium.

276 813 363 835 Molita.

272 2142 324 2167 Ouid
349 2143 429 2164 sacien-

245 2166 293 2190 tlum
305 2172 331 2191 stt
345 2171 427 2192 statuit.

640 221 803 247 Alexander
829 220 907 254 Papa
925 220 989 253 vu,

589 263 625 290 ad
641 264 773 291 futuram
788 263 834 291 rei
853 264 1035 298 memoriam.

493 325 587 368 illius,
602 325 655 369 qui
669 326 803 359 charitas
817 331 863 359 est
876 326 921 359 et¹
937 327 1017 359 Deus
1030 326 1125 370 pacis,
1141 325 1184 357 vi-

449 386 500 410 ces
518 376 610 419 (licet
635 376 803 420 immeriti)
820 383 963 420 gerentes
982 377 1012 410 in
1031 376 1132 417 terris,
1147 375 1183 408 ad

447 430 498 462 illa
513 431 680 475 propensis
696 431 806 463 studiis
820 431 1019 471 intendimus,
1035 440 1092 474 per
1105 439 1185 473 quae

447 483 575 516 dissidia
600 484 680 518 inter
704 484 868 528 religiosos
899 485 982 517 viros
1008 485 1038 516 in
1062 482 1186 515 bumili-

446 536 516 569 tatis
541 537 653 580 spiritu
684 542 714 570 et
737 537 794 570 sul)
825 537 969 571 arctioris
1000 537 1078 569 vitae
1111 536 1185 578 iugo

446 590 594 623 Altissimi
620 590 778 635 obsequiis
797 589 1009 634 mancipat0s²
1028 594 1116 622 enata
1134 599 1184 622 so-

445 642 583 687 piantur,
598 648 630 676 ut
649 643 718 687 ipsi,
733 644 791 676 sub
806 644 952 676 laudabili
971 643 1184 676 institutorum

446 706 574 729 suorum
601 696 798 730 observantia
823 697 927 740 quiete
950 697 1097 737 viventes,
1116 705 1185 738 gra-

446 754 511 782 tum
536 749 641 783 divino
659 750 778 783 numini
804 755 962 794 praestent
986 749 1180 782 famulatum.

490 803 505 846 ἓ
529 802 558 835 l.
584 804 658 837 Cum
692 804 795 847 itaque
828 803 908 836 inter
943 803 1072 836 dilectos
1104 802 1185 836 filios

446 862 685 900 procuratorem
712 857 890 900 generalem
908 856 1032 890 Ordinis
1052 856 1183 888 fratrum

446 910 600 944 Minorum
616 911 713 944 sancti
729 910 886 943 Francisei
902 909 1068 943 strictioris
1081 909 1185 943 obser-

446 964 568 996 vantiae
593 969 845 1008 nuncupatorum
871 975 905 996 ex
931 965 994 997 una
1026 974 1061 996 ac
1092 963 1184 996 mini-

445 1022 545 1050 strum
572 1018 796 1061 provincialem
816 1022 845 1050 et
862 1017 1043 1050 definitores
1062 1017 1185 1060 provin-

445 1070 511 1103 ciae
545 1071 703 1104 Romanae
731 1081 853 1104 necnon
878 1070 1084 1113 guardianum
1115 1080 1185 1103 con-

445 1128 554 1156 ventus
571 1123 599 1156 S.
617 1123 773 1156 Francisci
791 1123 1025 1168 Transtyberim
1047 1123 1084 1156 de
1101 1122 1184 1156 Urbe

445 1187 480 1210 ex
498 1177 596 1210 altera
626 1177 765 1221 partibus
783 1182 909 1210 exortae
928 1177 989 1209 sint
1006 1181 1184 1211 controver-

445 1230 524 1263 siae:
542 1241 608 1271 nos,
626 1241 678 1263 eas
696 1230 845 1263 dirimere
863 1230 1067 1271 intendentes,
1088 1235 1121 1263 ut
1138 1230 1183 1262 di-

445 1283 638 1317 scordiarum
665 1284 784 1316 semina
802 1283 961 1325 tollantur,
979 1289 1008 1316 et
1027 1294 1085 1328 pax
1103 1284 1183 1316 inter

445 1337 610 1380 religiosos
635 1343 845 1379 conservetur,
867 1337 905 1370 de
922 1342 993 1370 voto
1016 1337 1183 1371 nonnullo-

445 1401 515 1423 rum
533 1390 718 1424 dilectorum
745 1391 882 1424 filiorum
900 1391 1058 1424 Romanae
1078 1390 1182 1423 curiae

445 1444 670 1488 praelatorum,
688 1443 802 1487 quibus
826 1444 987 1486 negotium
1009 1443 1184 1476 examinan-

445 1496 519 1529 dum
549 1507 584 1530 ac
609 1496 701 1529 nobis
725 1496 924 1529 referendum
951 1496 1183 1535 commisimus,

443 1555 682 1594 procuratorem
697 1550 874 1593 generalem
887 1549 1092 1593 praedictum,
1101 1559 1185 1582 nunc

445 1607 476 1636 et
492 1613 551 1646 pro
570 1607 711 1646 tempore
729 1602 923 1644 existentem,
942 1606 1066 1646 praeter
1084 1613 1185 1636 secre-

445 1655 557 1688 tarium
573 1655 691 1700 prope³
706 1655 822 1689 habere
836 1655 914 1689 duos
928 1656 1029 1689 socios
1043 1655 1182 1689 eiusdem

444 1708 568 1742 Ordinis
593 1709 751 1753 professos
775 1709 813 1742 ad
838 1720 927 1742 suum
953 1709 1183 1753 beneplacitum

444 1761 638 1806 deligendos,
656 1773 751 1795 unum
769 1762 888 1795 scilicet
904 1762 1108 1802 sacerdotem,
1128 1761 1183 1805 qui

444 1815 471 1848 ei
498 1815 653 1848 deserviat
679 1826 737 1859 pro
763 1815 878 1856 scriba,
895 1820 925 1848 et
949 1816 1082 1848 alterum
1108 1825 1182 1848 eon-

444 1879 580 1910 versum,
598 1869 651 1913 qui
677 1879 829 1913 personae
851 1869 947 1912 ipsius
967 1868 1184 1912 procuratoris

444 1932 552 1955 curam
578 1927 666 1965 gerat
674 1933 682 1962 ;
700 1933 735 1955 ac
752 1922 877 1955 eosdem
896 1922 998 1955 socios
1022 1921 1121 1955 teneri
1139 1931 1184 1954 re-

444 1985 635 2018 cognoscere
660 1975 776 2008 dictum
794 1980 1033 2018 procuratorem
1050 1984 1182 2018 genera-

444 2026 505 2061 lem
531 2027 562 2060 in
587 2039 697 2062 eorum
729 2028 942 2061 immediatum
968 2028 1182 2072 superiorem,

443 2091 506 2115 non
536 2086 639 2114 autem
673 2081 851 2114 ministrum
880 2081 1105 2125 provincialem
1135 2081 1182 2114 vel

443 2135 650 2178 guardianum
677 2135 867 2175 antedictos3
885 2135 922 2167 ad
942 2135 1019 2168 haec
1039 2140 1182 2179 spectare

443 2188 481 2221 ad
501 2188 646 2222 eumdem
664 2194 905 2232 procuratorem
931 2189 1110 2231 generalem
1135 2199 1182 2221 re-

443 2242 543 2276 tinere
570 2242 618 2276 vel
638 2242 795 2276 dimittere
819 2242 932 2275 fratres
956 2243 1106 2283 forenses,
1127 2242 1180 2286 qui

442 2294 480 2329 ad
495 2296 619 2339 negotia
633 2296 814 2340 peragenda
829 2296 958 2329 Romam
974 2296 1111 2336 veniunt,
1126 2295 1181 2328 eis-

442 2360 502 2393 que
529 2346 739 2383 obedientiam
765 2349 840 2382 dare
867 2350 992 2394 quando
1017 2349 1057 2383 ob
1082 2349 1179 2382 tardi-

443 2408 535 2436 tatem
554 2402 601 2437 vel
621 2402 802 2438 dilationem
821 2404 1020 2447 negotiorum
1038 2413 1179 2445 suorum,

478 2485 489 2509 1
513 2483 651 2510 Coniunct.
673 2486 699 2512 et
718 2492 769 2511 nos
786 2483 911 2511 addimus
929 2486 969 2518 (R.
991 2484 1039 2517 τ.).

477 2526 493 2552 2
513 2526 582 2553 Edit.
599 2527 681 2554 Matn.
696 2528 760 2563 legit
775 2528 951 2563 mancipatis
968 2529 1006 2563 (n.
1024 2528 1072 2562 T.).

477 2569 493 2596 3
514 2570 622 2598 Videtur
637 2572 781 2606 legendum
794 2581 875 2606 posse
892 2580 939 2607 pro
949 2580 1039 2607 prope
1053 2574 1090 2607 (fl.
1108 2573 1155 2605 Τ.).

1033 171 1210 196 BULLARIUM
1232 170 1385 195 ROMANUM

1219 218 1318 251 aliave
1335 218 1373 251 de
1390 219 1493 259 eausa,
1514 218 1552 250 ad
1568 223 1690 262 tempus
1712 218 1742 251 in
1759 218 1864 263 aliquo
1883 227 1954 252 con-

1220 276 1312 304 ventu
1330 271 1508 315 provinciae
1524 271 1682 304 Romanae
1699 272 1886 305 commorari
1904 271 1956 305 de-

1219 324 1307 356 bent:
1334 323 1510 357 ministrum
1544 334 1617 357 vero
1643 324 1868 367 provincialem
1894 324 1951 357 de-

1219 377 1293 409 bere
1318 377 1498 410 huiusmodi
1531 382 1717 410 conventum
1743 387 1799 410 suo
1824 376 1955 410 arbitrio

1219 430 1377 473 assignare
1410 436 1440 463 et
1472 430 1554 463 illius
1586 429 1758 473 guardiano
1791 429 1955 473 iniungere

1219 488 1251 515 ut
1276 494 1328 516 eos
1353 483 1499 527 recipiat:
1525 489 1687 527 praeterea
1711 482 1891 516 huiusmodi
1915 482 1957 516 so-

1220 547 1327 569 renses
1345 536 1424 569 insra
1449 536 1586 570 triduum
1613 536 1659 569 sui
1679 536 1839 579 ingressus
1852 536 1884 569 in
1900 535 1956 569 Ur-

1220 590 1291 622 bem
1317 589 1443 622 subesse
1474 589 1505 622 in
1540 589 1686 623 omnibus
1715 590 1815 623 eidem
1840 599 1956 634 procu-

1220 643 1315 676 ratori
1341 643 1480 686 generali
1509 642 1683 683 dumtaxat,
1716 643 1821 687 elapso
1852 647 1956 676 autem

1219 696 1343 737 triduo,
1376 696 1532 729 subiectos
1565 707 1631 729 esse
1667 707 1760 729 curae
1791 696 1955 740 guardiani

1219 748 1291 782 dieti
1317 755 1487 782 conventus
1513 750 1541 783 S.
1568 749 1723 783 Francisci
1748 749 1779 782 in
1803 749 1852 782 his
1876 759 1955 793 quae

1219 812 1343 834 morum
1369 802 1596 835 correctionem
1615 806 1645 836 et
1663 803 1840 846 regularem
1866 802 1956 836 disci-

1218 855 1334 898 plinam
1360 861 1568 888 concernunt:
1592 860 1753 899 postremo
1778 856 1888 889 fratres
1909 855 1957 889 so-

1219 918 1325 940 renses
1351 908 1540 948 huiusmodi,
1561 909 1584 940 si
1610 908 1735 952 quidem
1762 919 1820 952 pro
1845 919 1955 942 eorum

1218 961 1356 1005 propriis
1373 962 1506 1004 negotiis
1524 972 1540 994 e
1555 962 1637 995 dicto
1651 968 1804 995 conventu
1820 962 1849 996 S.
1863 963 1957 996 Fran-

1219 1015 1291 1048 cisci
1318 1015 1402 1048 exire
1428 1016 1592 1057 voluerint,
1618 1016 1723 1059 utique
1749 1016 1846 1049 teneri
1863 1016 1957 1050 licen-

1219 1068 1291 1100 tiam
1311 1079 1346 1101 ac
1362 1069 1613 1102 benedictionem
1627 1069 1768 1103 obtinere
1781 1074 1842 1101 tam
1858 1079 1875 1102 a
1886 1079 1956 1113 pro-

1218 1125 1363 1154 curatore
1388 1121 1527 1164 generali
1544 1132 1637 1165 quam
1663 1132 1680 1154 a
1704 1122 1885 1165 guardiano,
1917 1121 1956 1155 ad

1217 1174 1447 1218 praescriptum
1483 1174 1599 1207 decreti
1637 1174 1763 1218 capituli
1799 1174 1956 1218 generalis

1217 1228 1314 1262 Toleti
1347 1228 1458 1261 ultimo
1490 1228 1654 1269 celebrati;
1680 1239 1799 1269 verum,
1824 1228 1849 1262 si
1874 1239 1956 1273 pro-

1218 1286 1343 1314 curator
1369 1282 1523 1324 generalis
1541 1282 1584 1314 uti
1604 1282 1739 1315 voluerit
1761 1283 1859 1326 opera
1876 1281 1957 1325 ipso-

1217 1346 1286 1369 rum
1313 1335 1484 1368 sorensium
1505 1346 1563 1379 pro
1588 1336 1720 1379 negotiis
1748 1336 1785 1368 ad
1818 1335 1956 1369 officium

1218 1400 1308 1422 suum
1323 1389 1547 1432 spectantibus,
1568 1399 1683 1432 eosque
1701 1399 1806 1422 secum
1831 1388 1956 1429 ducere,

1218 1448 1290 1476 tunc
1308 1453 1370 1476 non
1389 1443 1486 1475 teneri
1512 1442 1626 1476 dictam
1651 1443 1807 1476 licentiam
1833 1448 1885 1476 aut
1904 1442 1957 1476 be-

1217 1496 1427 1529 nedictionem
1448 1501 1554 1539 petere
1579 1506 1595 1529 a
1620 1496 1804 1539 guardiam,
1824 1495 1957 1529 auctori—

1218 1554 1278 1582 tate
1296 1549 1477 1593 apostolica,
1492 1554 1600 1582 tenore
1616 1549 1839 1594 praesentium,
1857 1549 1956 1582 decla-

1217 1613 1332 1636 ramus.

1263 1656 1277 1699 §
1296 1655 1326 1688 02.
1344 1656 1551 1690 Decernentes
1568 1655 1692 1689 easdem
1709 1660 1890 1700 praesentes
1906 1655 1955 1689 lit-

1219 1713 1300 1742 teras
1324 1719 1448 1753 semper
1464 1709 1580 1752 ssrmas,
1602 1712 1669 1751 etc.,
1690 1709 1798 1753 sicque
1815 1709 1846 1742 in
1862 1719 1954 1753 prae-

1218 1763 1320 1795 missis
1351 1773 1407 1806 per
1431 1773 1647 1806 quoscumque
1678 1762 1796 1796 iudices
1828 1762 1955 1796 ordina-

1217 1817 1292 1856 rios,
1318 1819 1386 1857 etc.,
1412 1816 1536 1848 definiri
1560 1816 1691 1856 debere,
1716 1826 1751 1848 ae
1775 1815 1899 1849 irritum
1925 1820 1956 1849 et

1218 1869 1308 1902 inane
1332 1869 1356 1902 si
1383 1880 1492 1910 secus,
1514 1875 1582 1910 etc.,
1607 1869 1775 1913 contigerit
1798 1868 1956 1903 attentari.

1261 1922 1329 1966 §3
1362 1925 1429 1957 Non
1462 1923 1658 1957 obstantibus
1691 1922 1893 1967 praemissis,
1919 1932 1955 1956 ac

1217 1976 1490 2009 constitutionibus
1514 1976 1704 2020 apostolicis,
1729 1986 1860 2018 necnon,
1878 1985 1954 2019 qua-

1217 2034 1306 2062 tenus
1330 2040 1409 2073 opus
1433 2030 1487 2071 sit,
1512 2030 1636 2077 Ordinis
1660 2040 1696 2063 ae
1720 2029 1900 2073 provinciae
1924 2033 1955 2062 et

1216 2088 1387 2116 conventus
1404 2083 1597 2123 huiusmodi,
1616 2083 1733 2124 aliisve,
1751 2087 1819 2123 etc.;
1840 2082 1954 2126 quibus

1217 2135 1362 2169 omnibus
1381 2141 1411 2169 et
1424 2136 1566 2179 singulis,
1584 2136 1709 2169 illorum
1728 2141 1852 2169 tenores
1868 2145 1955 2179 prae-

1216 2188 1366 2231 sentibus,
1386 2195 1454 2230 etc.,
1478 2189 1655 2233 specialiter
1678 2194 1709 2222 et
1733 2198 1880 2233 expresse
1904 2188 1956 2221 de-

1202 2249 1366 2285 rogamus
1384 2243 1560 2287 ceterisque
1578 2242 1742 2276 contrariis
1755 2242 1957 2286 quibuscum-

1216 2306 1285 2339 que.

1259 2350 1370 2382 Datum
1398 2350 1535 2391 Romae,
1560 2350 1642 2394 apud
1667 2350 1696 2383 S.
1714 2349 1841 2382 Mariam
1862 2348 1955 2382 Maio-

1215 2413 1292 2446 rem,
1305 2403 1362 2436 sub
1377 2403 1492 2436 annulo
1507 2403 1683 2444 piscatoris,
1697 2402 1746 2435 die
1762 2412 1804 2435 xn
1821 2406 1954 2445 septem-

1214 2456 1280 2489 bris
1305 2465 1433 2497 Mncmx,
1449 2457 1648 2500 pontificatus
1665 2455 1764 2489 nostri
1781 2465 1861 2488 anno
1879 2464 1908 2487 v.

1249 2517 1306 2544 Dat.
1325 2517 1367 2545 die
1389 2518 1420 2544 12
1445 2518 1609 2554 septembris
1629 2517 1706 2552 ¹659,
1723 2516 1819 2553 pontif.
1839 2524 1908 2544 anno
1926 2524 1951 2542 ν.

1970 170 2019 196 An.
2036 170 2054 196 C
2087 170 2151 198 ¹659

1981 1691 1986 1694 Ι
1997 1664 2108 1685 Decretum
2127 1663 2154 1684 ir·

1969 1693 2043 1712 ritanS.
