2263 3215
283 230 330 256 Λη,
349 229 375 256 e.
398 230 467 257 1656
513 221 576 254 tto

295 2044 405 2065 Confirmat
418 2047 458 2064 <ta-

285 2075 320 2090 nta
337 2072 458 2091 monialium

274 2098 359 2117 orit-nix
381 2098 402 2117 S.
420 2098 458 2118 Be>

274 2124 353 2143 neilicti

279 2150 452 2171 nvnominanone

274 2177 350 2197 Munus
366 2177 458 2197 Calvarti

274 2204 331 2227 regni
348 2203 458 2224 franciae.

483 289 572 311 secus
590 290 685 323 super
705 279 753 312 liis
771 289 787 312 a
803 290 971 323 quoquam,
987 281 1096 324 quavis
1120 287 1223 315 aucto-

483 332 593 373 ritate,
623 332 756 366 scienter
783 333 827 366 vel
855 333 1058 375 ignoranter,
1083 335 1240 378 contige-1

1238 380 1240 421 Ῐ
1258 389 1350 422 tionis
1365 395 1490 422 nostrae
1510 389 1626 422 robore
1647 390 1836 422 communiri
1856 400 1995 423 summo-

482 386 521 417 rit
547 385 701 418 attentari.

525 439 539 481 ἓ
563 438 592 471 3.
618 440 686 472 Non
719 439 913 473 obstantibus
948 442 1222 476 constitutionibus

481 497 509 522 ct
536 491 786 525 ordinationibus
811 494 1008 537 apostolicis,
1034 505 1155 528 necnon
1181 485 1239 528 tii-l

481 544 519 577 cti
545 544 669 578 Ordinis
699 545 826 589 eiusque
851 547 1084 590 provinciarum
1103 554 1133 581 et
1152 559 1239 582 cons

481 602 628 630 ventuum
663 600 867 641 quorumvis,
894 600 985 633 etiam
1023 601 1219 642 iuramento,

480 650 721 684 confirmatione
739 653 908 695 apostolica
924 680 930 693 ,
949 655 994 687 vcl
1023 655 1131 698 quavis
1159 655 1217 688 fir-

481 703 588 735 mitate
613 704 673 736 alisi
700 704 865 746 roboratis,
891 707 1013 739 statutis
1039 713 1067 739 et
1093 718 1237 747 consue,

481 758 657 799 tndinibus,
678 759 852 803 privilegiis
873 771 1018 804 quoque,
1038 761 1165 795 indultis
1191 768 1220 795 ct

480 810 591 843 litteris
623 813 803 855 apostolicis
837 813 866 845 in
899 815 1091 847 contrarium
1123 826 1215 859 prae-

480 864 646 897 missorum
674 865 910 909 quomodolibet
935 868 1111 908 concessis,
1145 880 1216 901 con-

479 917 612 950 firmatis
636 923 667 951 et
692 918 859 959 innox-atis3
884 920 998 963 quibus
1018 921 1165 954 omnibus
1190 927 1236 954 οῖ’·

479 970 622 1012 singulis,
641 971 765 1003 illorum
786 977 909 1005 tenores
926 973 1143 1016 praesentibus
1160 985 1218 1018 pro
1234 981 1236 1004 ῑ

477 1023 568 1066 plene
586 1029 615 1056 et
633 1024 823 1057 sufficienter
838 1026 992 1069 expressis
1009 1037 1044 1059 ac
1067 1027 1104 1060 dc
1123 1027 1217 1060 verbo

477 1076 515 1108 ad
543 1077 670 1109 verbum
696 1077 820 1110 insertis
838 1078 998 1119 habentes,
1016 1080 1076 1113 illis
1092 1081 1169 1113 alias
1187 1080 1217 1112 in

478 1140 534 1162 suo
559 1130 674 1164 robore
699 1132 928 1174 permansuris,
954 1133 1011 1166 bac
1038 1133 1102 1166 vice
1128 1133 1216 1166 duru-

478 1188 560 1216 taxat
584 1185 760 1228 specialiter
784 1191 814 1218 et
838 1196 984 1230 expresse
1010 1187 1215 1230 derogamus3

477 1236 651 1280 ceterisque
676 1238 841 1271 contrariis
866 1239 1127 1283 quibuscumque.

521 1290 631 1322 Datum
651 1291 768 1324 Itomae
785 1291 865 1335 apud
885 1292 913 1325 S.
934 1293 1071 1336 Petrum,
1092 1294 1150 1326 sub
1167 1304 1217 1326 an-

476 1343 550 1376 nulo
569 1344 745 1385 Piscatoris,
765 1344 814 1378 die
834 1344 935 1378 xxvn'
961 1347 1064 1379 martii
1087 1357 1215 1388 MDCLVI,

476 1397 675 1440 pontificatus
695 1399 793 1431 nostri
818 1409 900 1432 anno
925 1409 943 1432 1.

512 1460 570 1487 Dat.
592 1460 635 1487 die
655 1460 688 1487 ⁹27
709 1460 797 1487 martii
819 1460 896 1495 1656,
917 1462 1012 1497 pontis.
1033 1470 1102 1490 anno
1126 1470 1144 1489 1.

794 1603 894 1637 XCIII.

476 1683 687 1725 Confirmatio
721 1688 918 1717 statutorum
948 1685 1216 1728 Conqreqationis

520 1737 724 1778 Resormatae
739 1737 940 1770 monialium
960 1737 1094 1771 Ordinis
1110 1739 1218 1771 sancti

519 1790 688 1822 Benedicti
719 1790 776 1823 sub
809 1790 1072 1825 denominatione
1096 1792 1216 1825 Montis

520 1842 666 1875 Calvarz'i
688 1844 784 1886 reqnz'
799 1843 962 1876 Franciae
974 1843 993 1876 ².

668 1922 834 1950 Alexander
853 1922 931 1956 Papa
951 1923 1020 1956 vn,

615 1966 651 1993 ad
674 1966 806 1994 futuram
825 1966 870 1994 rei
889 1967 1068 1995 memoriam.

518 2036 533 2079 g
557 2036 586 2068 1.
612 2036 733 2079 Exponi
758 2036 848 2069 nobis
880 2047 982 2081 nuper
1006 2037 1148 2071 fecerunt
1171 2038 1215 2071 di-

474 2089 571 2122 lectae
596 2089 627 2121 in
651 2089 774 2122 Christo
799 2090 882 2122 filiae
898 2090 1072 2125 abbatissae
1091 2102 1147 2125 seu
1167 2103 1215 2125 su-

474 2142 662 2186 pcriorissae
684 2143 937 2186 congregationis
957 2144 1145 2178 reformatae
1162 2145 1214 2179 Or-

473 2196 555 2229 ‹linis
579 2196 676 2230 sancti
701 2196 870 2238 Benedicti,
888 2197 982 2241 vulgo
1005 2197 1042 2231 de
1064 2198 1231 2233 Calvarioi

472 2256 681 2294 nuncupatae,
695 2250 781 2293 regni
792 2250 950 2293 Franciae,
962 2251 1045 2295 quod
1060 2251 1145 2296 ipsae
1157 2258 1214 2285 sta-

473 2309 538 2336 tuta
550 2315 608 2347 pro
625 2304 706 2337 felici
724 2304 824 2337 dictae
843 2305 1099 2348 congregationis
1120 2305 1214 2339 illius-

472 2367 533 2400 que
569 2357 832 2390 monasteriorum
865 2358 1021 2400 gubernio
1050 2364 1141 2402 atque
1172 2359 1214 2392 di-

472 2410 611 2443 rectione
628 2410 702 2443 alias
720 2411 854 2453 condita,
873 2416 903 2444 et
919 2422 936 2443 a
956 2411 1087 2445 diversis
1104 2413 1214 2445 Roma-

471 2463 519 2495 nis
545 2463 747 2497 Pontificibus
770 2464 1048 2507 predecessoribus
1074 2465 1211 2508 nostris,

472 2520 505 2547 ut
541 2516 691 2548 asseritur
704 2544 711 2557 ,
740 2517 912 2560 approbata
944 2522 974 2550 et
1004 2518 1190 2553 confirmata
1203 2545 1211 2560 ,

510 2588 516 2611 t
538 2586 607 2613 Edit.
624 2587 704 2614 Main.
722 2588 786 2622 legit
801 2588 848 2622 37,
865 2588 955 2615 forsan
967 2588 1001 2615 81
1016 2589 1056 2615 vel
1072 2589 1105 2615 17
1121 2590 1209 2624 (nm).
1228 2586 1229 2593 ¹

1227 2659 1228 2663 ,
1279 2633 1296 2659 2
1312 2633 1517 2661 lncobaerenter
1528 2634 1592 2661 edit.
1606 2635 1686 2662 Μαίη,
1700 2635 1761 2670 legit
1773 2635 1885 2663 validas
1895 2637 1981 2669 (uxr.)⁴

506 2634 520 2657 :²
543 2632 577 2657 lix
600 2632 706 2666 nagesi.
729 2633 753 2657 in
775 2632 876 2659 secret.
899 2634 980 2660 Brev.

1054 233 1232 257 BULLARIUM
1259 234 1412 258 Romami

1257 293 1319 326 quo
1350 282 1492 315 firmiora
1510 281 1695 325 persistant,
1721 288 1751 315 et
1782 283 1821 315 ab
1849 283 1995 316 omnibus

1257 336 1373 369 arctius
1391 336 1608 376 observentur,
1621 337 1810 379 apostolicae
1830 337 1995 370 confirma-

1258 454 1330 486 pere
1351 442 1537 476 desiderant.
1557 443 1629 483 Nos,
1647 443 1785 476 easdem*
1803 450 1995 488 exponentes

1256 495 1442 538 specialibus
1476 495 1634 528 favoribus
1659 502 1688 528 et
1712 496 1821 538 gratiis
1845 497 1995 540 prosequi

1257 548 1403 590 volentes,
1426 553 1455 580 ct
1475 559 1582 581 carum
1608 549 1783 591 singulares
1808 560 1958 593 personas
1977 561 1995 582 a

1256 601 1416 644 quibusvis
1441 602 1783 645 excommunicationis,
1809 602 1991 646 suspensio-

1255 654 1302 687 nis
1319 658 1348 688 ct
1366 655 1533 695 interdicti,
1546 654 1677 698 aliisque
1695 655 1912 688 ecclesiasticis
1929 666 1995 689 sen-

1257 707 1368 749 tentiis,
1387 708 1528 740 censuris
1553 713 1583 740 et
1606 709 1726 751 poenis,
1751 720 1767 741 a
1792 709 1859 741 iure
1885 709 1931 742 vel
1955 708 1994 741 ab

1255 760 1391 801 bomine,
1412 761 1520 804 quavis
1545 761 1709 794 occasione
1730 762 1776 795 vel
1794 763 1889 795 causa
1913 762 1993 802 latis,

1254 813 1278 845 si
1293 813 1407 857 quibus
1421 813 1657 857 quomodolibet
1671 814 1835 848 innodatae
1850 814 1993 855 existant,

1235 865 1290 898 'ad
1316 866 1460 899 effectum
1491 867 1703 910 praesentium
1729 867 1889 900 dumtaxat
1913 878 1990 901 con-

1253 919 1467 962 sequendum,
1493 919 1604 952 barum
1630 920 1711 953 serie
1740 920 1936 954 absolventes
1964 927 1994 955 et

1253 970 1411 1005 absolutas
1435 973 1502 1005 sore
1519 979 1690 1013 censentes,
1711 973 1993 1017 supplicationibus

1253 1035 1361 1057 carum
1386 1026 1514 1058 nomine
1538 1025 1629 1058 nobis
1653 1037 1750 1070 super
1775 1026 1834 1060 hoc
1858 1026 1989 1059 humili-

1254 1083 1299 1111 tcr
1323 1079 1477 1122 porrectis
1502 1079 1650 1120 inclinati,
1680 1085 1794 1112 statuta
1816 1079 1992 1124 praedicta,

1252 1131 1424 1165 dummodo
1450 1138 1553 1165 tamen
1578 1133 1608 1165 in
1633 1144 1691 1166 usu
1719 1144 1755 1166 ac
1772 1133 1855 1168 licita
1879 1133 1940 1167 sint
1963 1139 1993 1167 et

1252 1190 1281 1219 et
1305 1186 1446 1227 honesta,
1464 1193 1493 1219 et
1513 1197 1575 1219 non
1596 1187 1657 1220 sint
1681 1193 1836 1228 revocata,
1852 1198 1911 1221 nec
1935 1187 1992 1221 sub

1232 1232 1234 1248 ³
1251 1238 1408 1281 aliquibus
1424 1239 1675 1272 revocationibus
1693 1239 1930 1283 comprehensa,
1948 1250 1993 1272 sa-

1251 1291 1375 1335 crisque
1411 1291 1583 1325 canonibus
1608 1298 1637 1325 et
1661 1293 1789 1326 Concilii
1820 1293 1991 1326 Tridentini

1251 1344 1405 1387 decretis,
1431 1357 1466 1379 ac
1491 1346 1766 1380 constitutionibus
1789 1346 1991 1390 apostolicis,

1231 1398 1387 1442 *dictique
1411 1398 1536 1432 Ordinis
1566 1399 1714 1433 institutis
1737 1410 1801 1433 non
1825 1399 1992 1433 adversen-

1252 1456 1311 1493 tur,
1325 1452 1498 1496 apostolica
1513 1452 1708 1493 auctoritate,
1724 1458 1830 1486 tenore
1847 1462 1992 1496 praesen-

1252 1504 1339 1545 tium,
1363 1505 1576 1549 approbamus
1602 1511 1632 1538 et
1655 1505 1891 1547 confirmamus,
1916 1505 1992 1539 illis-

1251 1568 1312 1601 que
1337 1558 1525 1592 inviolabilis
1550 1559 1739 1603 apostolicae
1759 1558 1916 1593 firmitatis
1940 1570 1991 1592 ro-

1251 1611 1311 1644 bur
1327 1611 1502 1654 adimimus,
1519 1622 1555 1645 ac
1572 1623 1683 1646 omnes
1707 1618 1737 1646 et
1761 1612 1902 1655 singulos
1927 1618 1989 1645 tam

1252 1664 1328 1698 iuris
1348 1676 1441 1709 quam
1467 1666 1538 1699 sacti
1564 1666 1712 1707 desectus,
1741 1666 1835 1710 siqui
1856 1665 1991 1710 desuper

1251 1719 1488 1762 quomodolibet
1501 1719 1722 1753 intervenerint
1739 1719 1768 1752 in
1783 1719 1910 1760 eisdem,
1922 1730 1992 1764 sup-

1252 1772 1383 1815 plenius.

1294 1825 1309 1868 §
1333 1825 1362 1858 02.
1387 1825 1596 1859 Decernentes
1617 1826 1678 1867 illa,
1700 1836 1821 1860 necnon
1846 1835 1992 1870 praesen·
2032 1834 2188 1861 etan-*utmo-

2005 1863 2065 1888 ponit
2074 1865 2095 1882 et
2105 1864 2188 1883 contra-

1251 1882 1295 1912 tes
1319 1878 1455 1921 litteras,
1480 1890 1606 1923 semper
1630 1885 1659 1912 et
1684 1885 1836 1923 perpetuo
1861 1879 1990 1921 valida',
2005 1889 2042 1909 riis
2057 1889 2152 1914 deroru-

1250 1931 1342 1964 firma
1366 1937 1395 1964 et
1420 1932 1556 1965 efficacia
1581 1933 1714 1965 existere
1739 1939 1769 1965 et
1791 1933 1876 1973 sore,
1901 1943 1990 1966 suos-

1249 1994 1310 2028 que
1335 1985 1493 2029 plenarios
1518 1990 1548 2018 et
1572 1985 1710 2028 integros
1730 1986 1859 2020 effectus
1884 1986 1990 2019 sortiri

1249 2041 1279 2071 et
1294 2037 1447 2079 obtinere,
1465 2049 1500 2071 ac
1518 2038 1556 2071 ab
1572 2039 1718 2072 omnibus
1742 2045 1772 2072 et
1791 2039 1933 2082 singulis,
1951 2039 1990 2072 ad

1248 2101 1327 2134 quos
1359 2096 1477 2134 spectat
1507 2097 1536 2124 et
1572 2092 1721 2135 spectabit
1750 2092 1989 2136 quomodolibet

1250 2143 1280 2175 in
1303 2143 1466 2187 futurum,
1493 2145 1716 2178 inviolabiliter
1740 2150 1768 2180 et
1804 2146 1988 2179 inconcusse

1248 2202 1400 2241 perpetuo
1424 2197 1595 2240 observari,
1622 2199 1727 2242 sicque
1752 2210 1808 2243 per
1825 2209 1988 2243 quoscum-

1248 2260 1308 2293 que
1326 2249 1443 2283 iudices
1465 2250 1641 2285 ordinarios
1659 2257 1689 2285 et
1707 2251 1876 2295 delegatos,
1895 2252 1988 2285 etiam

1229 2313 1412 2336 causarum
1436 2304 1541 2348 palatii
1567 2305 1731 2348 apostolici
1756 2306 1924 2348 auditores,
1940 2305 1987 2339 iu-

1248 2356 1345 2389 dicari
1370 2361 1400 2389 et
1424 2356 1547 2390 definiri
1580 2357 1716 2399 debere,
1741 2369 1777 2392 ac
1809 2358 1932 2392 irritum
1958 2364 1989 2392 et

1248 2409 1348 2450 inane,
1369 2409 1393 2442 si
1411 2420 1500 2443 secus
1516 2421 1610 2454 super
1628 2411 1676 2445 his
1693 2423 1709 2444 a
1727 2423 1898 2456 quoquam,
1915 2422 1987 2456 qua-

1248 2464 1292 2497 vis
1316 2464 1520 2505 auctoritate,
1550 2465 1684 2498 scienter
1721 2466 1767 2498 vel
1803 2466 1987 2508 ignoranter

1282 2545 1292 2570 1
1315 2543 1382 2570 Male
1397 2544 1462 2570 edit.
1480 2543 1557 2570 Main.
1584 2544 1648 2578 legit
1667 2545 1783 2572 eaedem
1803 2553 1852 2580 pro
1871 2546 1985 2572 easdem

1245 2589 1283 2623 (a.
1299 2589 1347 2622 12).

2008 236 2055 262 An.
2077 235 2106 263 C.
2124 238 2189 267 1656

2252 1271 2263 1540 v..-.—--.....'.--—.
2259 1225 2263 1232 .

2257 1842 2263 1849 ς
2260 1822 2263 1830 -
2255 1666 2263 1801 ,Α--ημ
2256 1586 2263 1656 ——..
