2243 3205
36 201 84 228 An.
100 198 129 225 C.
150 198 214 226 1661

18 2578 19 2581 ’
66 2585 176 2608 Confirmat
184 2587 220 2608 aa·

19 2618 21 2638 1
41 2614 124 2634 eretum.

833 197 1019 223 ALEXANDER
1043 197 1088 222 vn
1111 198 1160 222 PP.

230 245 423 287 vocandum,
453 256 555 290 neque
588 246 844 291 impediendum,
877 246 971 291 idque

230 299 337 342 (prout
354 299 489 343 ipsamet
513 301 717 343 congregatio
743 300 911 333 declaravit
939 310 970 332 se

230 351 433 395 intellexisse)
448 363 509 385 non
526 353 725 393 cumulative‚
740 353 792 385 sed
810 353 971 396 privative,

230 406 322 438 ctiam
342 407 443 449 quoad
463 413 672 440 memoratum
691 407 903 450 praepositum
923 417 972 449 ge-

230 460 388 499 neralem;
407 460 494 501 itaut,
511 461 535 493 si
551 471 639 493 secus
656 461 773 504 aliquid
788 460 849 500 siat,
867 461 972 493 illicite

232 518 261 544 et
279 513 417 546 invalide
430 513 501 553 siat3
520 525 664 557 cumque,
686 514 798 546 iniecta
817 514 973 547 nibilomi-

231 576 289 598 nus
315 566 374 599 hae
398 566 435 598 de
454 578 487 599 re
507 567 713 607 dubitatione,
732 578 842 600 rursus
863 568 971 600 cadem

232 619 436 661 congregatio
464 619 548 662 quod
574 620 634 652 iam
669 621 783 652 fecerat
808 621 973 654 confirma-

232 672 320 711 verit,
335 677 374 711 et,
393 673 416 704 si
435 683 513 716 opus
532 678 621 712 esset,
639 673 676 705 de
694 684 774 706 novo
793 675 906 706 sactum
923 685 973 707 vo-

231 724 334 766 luerit,
353 730 515 768 totumque
533 725 716 758 exercitium
739 726 973 767 iurisdictionis,

232 778 315 820 quod
341 778 555 822 supradictum
582 784 637 819 est,
659 790 727 813 csse
752 791 848 823 penes
873 782 972 814 solum

233 831 394 874 vicarium,
415 842 454 864 ne
479 833 610 865 societas
631 843 648 865 a
672 833 795 866 duobus
820 835 974 878 capitibus

231 885 438 927 gubernetur,
454 886 635 929 praeposito
647 897 721 919 vero
735 888 873 929 generali
888 899 975 931 prae-

232 938 294 971 fato
320 939 484 982 reliquerit
509 939 733 983 septemdecim
760 941 913 974 eiusmodi
934 942 974 973 sa-

232 992 372 1032 eultates,
393 1003 473 1035 quae
498 993 760 1035 gubernationem
786 1004 848 1027 non
876 995 974 1037 respi-

232 1045 327 1087 ciunt,
344 1056 445 1089 neque
466 1046 657 1089 impediunt,
676 1058 755 1090 quae
769 1048 874 1080 onmia
891 1048 972 1080 idem

233 1099 432 1142 praepositus
457 1100 623 1142 generalis,
651 1100 702 1142 qui
730 1100 790 1132 iam
816 1112 849 1133 se
875 1106 972 1133 totum

233 1152 487 1195 congregationis
508 1152 623 1185 iudicio
641 1158 671 1185 et
688 1153 884 1196 dispositioni
907 1166 975 1198 per-

233 1206 369 1249 miserat,
393 1207 500 1239 videns
525 1206 673 1249 expedire
699 1207 855 1247 Societati,
876 1209 975 1241 decla-

234 1260 313 1292 ravit
330 1270 362 1292 se
391 1259 476 1293 omni
502 1260 625 1292 meliori
652 1260 746 1293 modo
770 1264 836 1294 rata
857 1261 974 1294 babere

233 1322 268 1345 ea
282 1313 395 1356 omnia,
412 1323 490 1356 quae
503 1313 706 1356 congregatio
724 1314 879 1356 generalis
892 1314 975 1347 circa

234 1365 495 1409 gubernationem
510 1366 616 1399 vicarii
631 1367 875 1407 dec1·everat;ac
889 1379 976 1412 prac-

234 1424 317 1452 terea
343 1419 451 1452 eadem
478 1420 681 1463 congregatio
707 1421 859 1461 statuerit,
886 1426 919 1453 ut
944 1421 975 1453 in

233 1483 305 1505 casu
330 1473 538 1516 aegritudinis
570 1473 705 1506 vicarius
738 1474 794 1506 sibi
826 1474 976 1517 subroget

232 1526 327 1558 alium
343 1553 351 1567 ,
375 1527 429 1570 qui
453 1526 638 1560 Societatem
668 1528 823 1570 gubernet
848 1528 972 1561 interim

232 1579 308 1612 dum
335 1579 401 1623 ipse
425 1580 636 1620 convalescat;
657 1581 740 1624 quod
766 1581 790 1613 si
816 1582 975 1624 contingat

233 1633 384 1667 vicarium
410 1635 590 1677 generalem
617 1635 776 1678 praemori
795 1637 975 1679 praeposito

233 1688 383 1729 generali,
410 1688 544 1721 voluerit
568 1688 675 1721 eadem
702 1689 907 1732 congregatio
929 1689 975 1722 ius

232 1740 415 1773 nominandi
443 1741 594 1774 vicarium
621 1752 689 1775 esse
720 1752 818 1785 penes
846 1753 977 1786 praepo-

233 1793 327 1826 situm
352 1795 544 1836 generalem,
565 1795 589 1827 si
608 1795 645 1827 ad
671 1795 701 1827 id
727 1800 817 1839 aptus
842 1795 976 1829 invenia-

233 1851 301 1886 tur;
326 1847 379 1890 qui
405 1847 539 1880 vicarius
560 1848 662 1881 statim
688 1849 878 1891 nominatus,
901 1860 974 1882 eon—

234 1905 325 1932 vocet
344 1902 620 1943 congregationem
643 1902 834 1944 generalem,
853 1902 976 1936 habeat-

232 1963 294 1996 que
312 1953 429 1987 interca
446 1955 629 1987 exercitium
647 1955 810 1999 potestatis
827 1956 976 2000 indepen-

233 2006 309 2039 dens
333 2017 369 2040 ac
394 2007 550 2050 liberum,
573 2009 703 2052 perinde
728 2014 821 2052 atque
845 2010 976 2043 liaberet

234 2066 360 2094 mortuo
393 2062 574 2105 praeposito
604 2063 761 2105 generali:
787 2063 877 2096 nobis
901 2074 974 2107 pro-

234 2119 342 2158 pterea
366 2115 505 2147 eiusdem
539 2116 794 2158 congregationis
820 2117 975 2159 generalis

233 2168 361 2201 nomine
392 2169 555 2201 humiliter
586 2169 795 2212 supplicatum
828 2170 910 2213 suit,
943 2176 975 2203 ut

232 2221 406 2265 praemissa
426 2222 542 2262 omnia,
561 2222 619 2254 rite
640 2228 669 2255 et
687 2223 897 2256 concordibus
913 2224 975 2256 ani-

234 2274 294 2307 mis
319 2275 358 2307 ab
384 2275 450 2319 ipsa
476 2276 720 2318 congregatione
741 2277 918 2319 constituta,
936 2287 975 2309 ne

197 2328 199 2331 ’
234 2328 266 2361 in
280 2334 441 2372 posterum
456 2330 520 2361 ulla
534 2339 568 2362 ex
592 2334 679 2372 parte
694 2330 848 2362 infirmari
869 2336 922 2363 aut
945 2330 974 2362 in

234 2381 366 2414 dubium
392 2383 469 2414 verti
491 2393 508 2414 a
528 2393 686 2425 quoquam
705 2383 836 2426 possint,
854 2389 975 2426 aposto-

234 2434 312 2468 licae
329 2435 576 2468 confirmationis
601 2440 727 2468 nostrae
754 2436 869 2469 robore
894 2447 975 2469 com-

235 2488 358 2521 munire
383 2489 420 2522 de
444 2489 637 2532 benignitate
661 2489 833 2532 apostolica
858 2489 971 2532 digna-

233 2552 352 2575 remur.

279 2596 293 2640 ἓ
317 2596 347 2629 3.
373 2597 435 2631 Nos
460 2597 566 2640 igitur,
592 2597 761 2640 specialem
779 2597 880 2631 dictae
900 2607 974 2631 con-

1003 246 1178 289 gregationi
1204 247 1342 289 generali
1363 247 1496 290 gratiam
1518 247 1620 280 facere
1641 248 1744 281 volen-

1006 304 1061 339 tes,
1090 299 1237 342 illiusque
1262 300 1437 343 singulares
1461 310 1611 343 personas
1636 310 1653 332 a
1677 300 1746 344 qui-

1005 352 1111 384 busvis
1128 353 1471 392 excommunicationis,
1488 353 1699 396 suspensionis
1717 357 1747 386 et

1006 405 1174 446 interdicti,
1192 406 1323 449 aliisque
1341 407 1559 439 ecclesiasticis
1577 406 1747 447 sententiis,

1008 459 1151 491 censuris
1176 464 1205 491 et
1229 459 1349 502 poenis,
1368 470 1384 491 a
1401 459 1469 492 iure
1487 460 1533 492 vel
1551 460 1589 492 ab
1610 460 1747 502 bomine,

1007 512 1116 555 quavis
1134 513 1300 546 occasione
1326 513 1372 544 vel
1399 514 1490 545 causa
1515 513 1604 555 latis,
1631 513 1655 545 si
1680 513 1749 557 qui-

1007 565 1066 598 bus
1087 566 1325 609 quomodolibet
1350 566 1514 599 innodatae
1540 567 1685 607 existunt,
1710 567 1748 599 ad

1008 618 1152 651 effectum
1189 620 1402 662 praesentium
1440 620 1600 652 dumtaxat
1632 630 1746 653 conse-

1007 671 1178 714 quendum,
1196 672 1308 704 barum
1335 673 1415 705 serie
1440 673 1636 705 absolventes
1651 678 1681 706 et
1697 673 1750 706 ab·

1007 725 1124 758 solutas
1149 726 1215 758 sore
1240 731 1412 766 censentes,
1430 726 1609 759 huiusmodi
1631 727 1750 770 suppli-

1008 778 1185 811 cationibus
1212 779 1361 819 inclinati,
1379 779 1484 812 onmia
1502 785 1532 812 et
1556 780 1678 822 singula
1702 790 1750 812 su-

1007 842 1063 874 pra
1089 842 1245 875 expressa,
1263 843 1279 864 a
1298 834 1480 865 memoratis
1504 833 1749 875 congregatione

1008 886 1146 927 generali
1162 891 1192 918 et
1209 886 1390 929 praeposito
1408 886 1547 928 generali
1566 886 1748 929 respective,

1007 938 1087 970 sicut
1112 939 1335 981 praemittitur,
1356 943 1435 979 acta,
1460 944 1556 981 gesta,
1583 939 1749 979 declarata,

1008 992 1202 1031 confirmata,
1225 992 1387 1031 ratificata,
1405 996 1517 1025 statuta
1543 997 1572 1024 et
1596 992 1749 1033 ordinata,

1008 1045 1191 1078 auctoritate
1206 1046 1389 1089 apostolica,
1404 1050 1511 1078 tenore
1525 1046 1749 1089 praesentium,

1008 1099 1232 1131 confirmamus
1258 1105 1287 1132 et
1312 1099 1537 1143 approbamus,
1563 1100 1686 1143 illisque
1707 1099 1750 1132 in-

1008 1152 1163 1186 violabilis
1180 1154 1370 1196 apostolicae
1387 1153 1543 1186 firmitatis
1561 1154 1660 1186 robur
1676 1153 1750 1186 adii-

1009 1205 1119 1245 cimrm,
1137 1216 1172 1238 ac
1197 1217 1306 1239 omnes
1332 1212 1361 1239 et
1386 1207 1525 1249 singulos
1551 1207 1627 1239 iuris
1653 1212 1682 1239 et
1710 1208 1750 1239 sa-

1009 1258 1047 1291 cti
1074 1259 1234 1298 defectus,
1264 1260 1287 1291 si
1313 1261 1365 1303 qui
1391 1260 1628 1303 quomodolibet
1652 1261 1749 1293 inter-

1008 1312 1151 1344 venerint
1176 1312 1206 1344 in
1231 1312 1360 1354 eisdem,
1378 1314 1570 1356 supplemus.

1052 1365 1067 1408 ξ
1083 1365 1112 1397 las.
1134 1365 1342 1398 Decernentes
1361 1366 1485 1398 easdem
1504 1372 1686 1409 praesentes
1703 1367 1750 1399 lit-

991 1421 1090 1453 ,teras
1115 1418 1234 1458 sirmas,
1253 1419 1371 1451 validas
1396 1425 1425 1451 et
1450 1420 1592 1452 efficaces
1617 1420 1750 1453 existere

1010 1477 1039 1504 et
1064 1472 1140 1512 sore,
1159 1483 1294 1515 suosque
1315 1473 1475 1516 plenarios
1501 1479 1530 1505 et
1555 1473 1694 1516 integros
1712 1474 1751 1506 es-

1010 1525 1107 1557 sectus
1126 1525 1232 1558 sortiri
1251 1531 1280 1558 et
1297 1525 1449 1567 obtinere,
1468 1537 1503 1558 ac
1520 1526 1591 1567 illis,
1610 1527 1648 1559 ad
1671 1537 1750 1570 quos

1009 1583 1129 1621 spectat
1145 1583 1175 1610 et
1199 1589 1258 1622 pro
1284 1584 1425 1623 tempore
1450 1579 1612 1622 spectabit,
1638 1580 1751 1623 plenis-

1009 1632 1087 1664 sime
1111 1632 1296 1675 suss'ragari3
1315 1633 1421 1676 sicque
1446 1633 1477 1665 in
1494 1633 1675 1676 praemissis
1695 1644 1751 1677 per

1009 1696 1225 1729 quoscumque
1261 1686 1379 1720 iudices
1411 1687 1588 1720 ordinarios
1613 1692 1643 1720 et
1666 1687 1751 1720 dele-

1009 1744 1108 1781 gatos,
1137 1739 1230 1772 etiam
1263 1750 1429 1772 causarum
1456 1740 1560 1783 palatii
1586 1740 1749 1784 apostolici

1009 1792 1178 1833 auditores,
1196 1804 1232 1825 ac
1261 1799 1384 1826 sanctae
1409 1794 1566 1826 Romanae
1590 1794 1746 1827 Ecclesiae

1009 1846 1192 1888 cardinales,
1207 1847 1299 1879 etiam
1315 1846 1352 1879 de
1371 1847 1467 1880 latere
1486 1848 1615 1890 legatos,
1629 1849 1750 1891 etApo—

1009 1900 1138 1933 stolicae
1162 1899 1250 1933 Sedis
1275 1901 1430 1941 nuncios,
1451 1901 1566 1933 aliosve
1592 1902 1748 1945 quoslibet

1008 1964 1206 1998 quacumque
1231 1955 1417 1987 auctoritate
1442 1960 1471 1987 et
1496 1960 1647 1998 potestate
1672 1956 1749 1988 sun-

1009 2013 1117 2050 gentes
1142 2013 1172 2040 et
1197 2008 1381 2048 functuros,
1407 2008 1537 2040 iudicari
1569 2013 1599 2041 et
1623 2008 1747 2041 deliniri

1008 2061 1134 2101 debere,
1151 2072 1187 2094 ac
1208 2062 1331 2094 irritum
1351 2066 1380 2095 et
1395 2061 1495 2102 inane,
1510 2061 1534 2094 si
1548 2072 1638 2094 secus
1655 2073 1750 2105 super

1009 2114 1056 2147 liis
1081 2125 1098 2147 a
1122 2126 1291 2158 quoquam,
1308 2116 1416 2159 quavis
1441 2116 1635 2157 auctoritate,
1653 2116 1749 2149 scien-

1009 2173 1055 2200 ter
1080 2168 1127 2200 vel
1153 2168 1345 2211 ignoranter,
1360 2169 1527 2211 contigerit
1546 2170 1702 2202 attentari.

1052 2222 1067 2264 g
1092 2220 1121 2253 5.
1146 2222 1213 2254 Non
1238 2222 1434 2254 obstantibus
1459 2223 1605 2255 omnibus
1630 2229 1659 2256 et
1684 2223 1747 2256 sin-

1008 2274 1099 2317 gulis,
1121 2285 1201 2318 quae
1226 2274 1256 2307 in
1281 2276 1428 2318 praefatis
1452 2276 1564 2309 litteris
1590 2277 1745 2310 voluimus

1008 2338 1071 2361 non
1095 2328 1230 2369 obstare,
1248 2329 1424 2373 ceterisque
1441 2330 1607 2363 contrariis
1623 2331 1748 2375 quibus-

1009 2393 1155 2425 cumque.

1053 2436 1163 2468 Datum
1192 2436 1329 2476 Romae,
1353 2437 1435 2480 apud
1461 2437 1489 2470 S.
1508 2438 1634 2471 Mariam
1656 2438 1748 2472 Maio-

1009 2499 1084 2531 rem,
1097 2489 1155 2521 sub
1173 2490 1289 2522 annulo
1304 2490 1480 2530 piscatoris,
1494 2490 1543 2523 dic
1567 2501 1629 2524 xxx
1651 2502 1745 2534 augu-

1007 2543 1044 2575 sti
1069 2553 1196 2584 tincaxi,
1213 2544 1411 2587 pontificatus
1429 2543 1528 2577 nostri
1545 2554 1626 2577 anno
1646 2555 1699 2578 vn.

1042 2606 1102 2634 Dat.
1119 2605 1162 2633 dte
1177 2606 1211 2634 30
1226 2606 1335 2641 augusti
1353 2606 1430 2640 1661,
1447 2607 1541 2642 pontif.
1561 2616 1631 2634 anno
1647 2614 1693 2635 vti.

1654 189 1716 223 709
1764 199 1815 225 An.
1832 198 1860 225 c.
1879 198 1945 226 «ὅθι

1792 1379 1900 1400 Clausulas
1912 1379 1948 1399 ad-

1833 2230 1947 2252 contrariis

1763 2258 1857 2284 derogat,
