2185 3188
65 148 114 177 An.
135 148 164 174 c.
185 145 253 174 1657

109 2013 252 2043 inobedientes

76 2042 141 2066 punit.

852 140 1037 164 ALEXANDER
1062 140 1105 163 Vll
1131 141 1179 163 FP.

258 191 376 226 dolibet
406 189 708 234 comprehensorum
734 188 1002 231 gubernatorem,

260 255 331 278 cum
356 244 503 278 omnibus
521 248 551 276 et
569 242 701 286 singulis
726 241 935 282 facultatibus,
954 251 1004 273 au-

261 298 416 338 ctoritate,
442 296 667 335 iurisdictione,
688 294 883 333 honoribus,
904 294 1004 327 oneri-

259 352 329 392 bus,
354 350 555 395 provisione,
587 349 707 382 salariis
729 354 757 381 et
783 347 1004 380 emolumentis

260 405 360 438 solitis
385 410 415 438 et
439 403 619 443 consuetis,
645 408 675 435 et
697 413 769 435 cum
802 401 948 434 facultate
972 400 1003 433 in

260 458 479 491 marchionatu
503 457 693 501 Crepacorii,
710 461 740 489 et
764 455 831 488 aliis
848 455 958 488 castris
975 459 1004 487 et

261 511 339 544 locis
357 511 415 543 sub
434 510 487 543 illo
506 508 754 553 comprehensis,
767 513 958 552 praetorem,
974 507 1003 539 in

260 564 385 607 illisque
409 574 445 597 ac
465 562 548 596 dicto
567 561 758 606 principatu,
775 560 906 604 aliisque
927 560 1004 593 locis

260 628 354 661 supra
380 616 536 660 expressis
553 642 561 656 ‚
591 623 812 659 quoscumque
835 613 912 646 alios
937 613 1001 646 offi-

261 670 356 703 ciales
374 675 404 703 et
421 670 592 709 ministros,
609 668 704 700 etiam
729 667 856 711 speciali
883 669 956 700 nota
975 672 1005 699 et

261 723 463 767 expressione
487 721 610 764 dignos,
627 720 666 753 ad
687 720 730 753 tui
755 726 864 753 nutum
890 720 1005 753 amovi-

260 777 359 819 biles‚
384 787 443 821 pro
468 775 586 809 iustitia
612 773 861 808 administranda
887 774 1003 808 consti-

262 830 369 864 tuendi
394 835 425 863 et
448 827 629 873 deputandi,
646 827 685 860 ad
700 832 843 860 nostrum
866 833 896 860 et
916 826 1004 860 Sedis

259 883 459 928 Apostolicae
482 881 727 926 beneplacitum,
751 880 924 924 apostolica
949 891 1004 913 au-

261 937 532 978 ctoritate‚tenore
544 935 770 979 praesentium,
782 934 925 974 facimus,
935 943 1006 967 con-

261 990 419 1024 stituimus
439 995 470 1023 et
486 989 690 1033 deputamus,
707 987 826 1031 tibique
844 998 900 1031 per
919 997 1005 1031 prae-

261 1047 363 1078 sentes
374 1042 601 1077 committimus
611 1046 641 1074 et
649 1040 845 1083 mandamus,
856 1045 889 1073 ut
900 1051 1005 1084 quam-

261 1097 400 1142 primum
422 1096 490 1129 fieri
516 1095 633 1140 poterit
653 1095 690 1127 ad
716 1094 926 1139 principatum
952 1094 1005 1126 hu-

262 1151 398 1186 iusmodi
423 1150 631 1195 personaliter
650 1154 680 1182 te
705 1149 858 1189 conseras,
883 1158 1005 1181 necnon

262 1206 293 1238 in
311 1204 500 1249 principatu,
515 1203 618 1243 terris,
636 1202 770 1246 oppidis,
793 1201 913 1242 castris,
931 1201 1007 1234 arci-

262 1259 333 1298 bus,
362 1257 520 1291 fortalitiis
552 1261 581 1289 et
606 1256 682 1289 locis
707 1255 875 1299 praedictis
900 1265 1007 1299 quam-

263 1321 400 1356 cumque
424 1309 684 1349 iurisdictionem,
711 1309 846 1349 civilem,
864 1308 1008 1342 crimina-

264 1366 324 1399 lem
339 1370 369 1398 et
385 1365 525 1405 mixtam,
539 1369 648 1396 nostro
663 1368 692 1396 et
705 1362 903 1407 Apostolicae
919 1361 1007 1396 Sedis

263 1418 401 1461 nomine,
412 1428 567 1457 exerceas,
578 1417 700 1460 aliaque
713 1416 817 1449 omnia
831 1421 860 1449 et
874 1415 1007 1459 singula,

264 1483 345 1517 quae
369 1482 427 1516 pro
452 1471 534 1505 felici
559 1471 772 1515 principatus,
797 1470 1006 1514 oppidorumy

264 1531 433 1565 terrarum,
444 1529 631 1564 castrorum,
642 1524 773 1564 arcium,
786 1523 1006 1556 fortalitiorum

265 1584 295 1612 et
313 1578 456 1612 locorum
482 1577 730 1621 praedictorum,
749 1586 923 1620 earumque
940 1576 1008 1609 uni-

265 1631 448 1665 versitatum
474 1636 504 1664 et
521 1630 684 1664 hominum
703 1629 858 1673 gubernio
882 1640 1009 1674 prospe-

266 1695 366 1729 roque
399 1684 553 1727 regimine
584 1684 763 1717 necessaria
792 1683 928 1724 suerint,
953 1694 1008 1717 seu

266 1738 506 1783 quomodolibet
525 1742 691 1782 oportuna,
709 1737 820 1777 facias,
841 1737 937 1778 dicas,
955 1748 1008 1780 ge-

267 1803 317 1826 ras
337 1798 367 1825 et
384 1791 559 1835 exequaris,
577 1802 673 1834 super
687 1790 801 1834 quibus
815 1790 962 1824 omnibus
979 1796 1007 1823 et
1024 1790 1026 1802 “

267 1845 399 1889 singulis
416 1845 559 1889 plenam,
573 1844 704 1877 liberam
723 1849 753 1876 et
765 1844 902 1888 amplam
917 1844 1009 1877 sacul—

267 1904 361 1931 tatem
376 1898 645 1939 etauctoritatem,
660 1897 844 1931 auctoritate
859 1901 889 1930 et
900 1902 1008 1930 tenore

267 1951 458 1996 praedictis,
484 1951 687 1984 concedimus
711 1956 740 1983 ct
767 1951 974 1995 impertimur.
1025 1963 1027 2004 ff

312 2005 369 2048 §⁶2
384 2004 562 2038 Mandantes
581 2009 748 2048 propterea
766 2004 796 2037 in
814 2004 927 2038 virtute
944 2015 1009 2037 san-
1025 2012 1026 2027 ³

268 2063 335 2091 ctae
359 2057 566 2099 obedientiae,
584 2068 619 2090 ac
639 2058 698 2107 sub
718 2058 940 2099 indignationis
957 2069 1009 2092 no-
1025 2064 1027 2079 t

268 2117 373 2152 strae,
398 2121 520 2144 necnon
549 2111 730 2144 rebellionis
757 2121 793 2144 ac
824 2111 917 2144 etiam
951 2119 1027 2151 (ὲκ-ζ

269 2164 562 2199 communicationis
591 2165 669 2197 latae
694 2165 865 2198 sententiae
890 2153 1027 2208 poenis}

269 2218 418 2252 omnibus
432 2223 461 2250 et
478 2217 610 2260 singulis
623 2218 829 2261 principatus,
842 2223 1009 2258 terrarum,

269 2271 472 2316 oppidorum,
491 2276 676 2312 castrorum,
698 2271 830 2311 arcium,
851 2272 1010 2305 [crtalitio-
1026 2295 1027 2298 κ

269 2336 340 2359 rum
359 2330 389 2358 et
406 2325 548 2358 locorum
570 2324 803 2368 praedictorum
830 2325 1010 2358 universita-

270 2379 362 2420 tibus,
383 2378 563 2411 hominibus
583 2384 613 2411 et
629 2378 782 2422 personis,
800 2379 1008 2422 praetoribus,

270 2432 460 2476 capitaneis,
491 2431 667 2464 castellanis
684 2458 691 2472 ‚
716 2431 949 2474 magistratibus
981 2438 1011 2465 et

270 2485 338 2518 aliis
364 2485 570 2527 officialibus,
597 2490 630 2517 ut
655 2489 684 2517 tc
709 2484 740 2517 in
764 2485 1009 2528 gubernatorem

270 2538 450 2573 huiusmodi
469 2539 554 2573 iuxta
571 2543 710 2573 tenorem
737 2539 948 2584 praesentium
966 2551 1011 2574 re-

1037 187 1163 231 cipiant,
1188 187 1307 231 tibique
1331 194 1476 232 pareant,
1502 188 1624 221 faveant
1648 194 1678 220 et
1702 186 1778 219 assi-

1037 245 1129 280 stant,
1150 244 1266 283 tuaque
1297 241 1397 281 iussa,
1427 242 1544 274 monita
1569 247 1598 273 et
1623 240 1779 278 mandata,

1037 295 1074 326 ea
1099 304 1161 337 qua
1186 293 1275 326 decet
1300 294 1477 327 obedientia
1495 300 1525 327 et
1541 295 1602 327 tide
1623 304 1779 337 exequan-

1039 351 1088 381 tur
1102 352 1130 379 et
1147 346 1348 390 adimpleant,
1364 348 1502 390 alioquin
1517 348 1700 380 sententiam
1716 347 1780 380 sive

1038 410 1190 444 poenam,
1216 411 1310 444 quam
1336 401 1395 433 rite
1419 402 1528 433 tuleris
1556 411 1610 434 seu
1636 402 1780 434 statueris

1038 454 1068 486 in
1086 453 1231 495 rebelles,
1245 457 1345 487 ratam
1363 454 1560 494 habebimus,
1574 460 1603 487 et
1621 455 1779 492 faciemus,

1037 512 1166 540 auctore
1191 507 1334 547 Domino,
1353 518 1452 550 usque
1472 507 1509 539 ad
1535 507 1778 540 satisfactionem

1038 560 1226 604 condignam
1245 561 1469 594 inviolabiliter
1493 561 1664 594 observari.

1083 614 1143 657 33.
1162 615 1230 647 Non
1255 614 1451 647 obstantibus
1476 614 1639 656 quibusvis
1665 615 1779 647 consti-
1795 624 1978 645 ‹niardi-tinini.

1039 667 1213 700 tutionibus
1241 673 1271 700 et
1295 667 1547 700 ordinationibus
1579 668 1780 711 apostolicis,

1038 732 1091 761 ac,
1116 726 1271 764 quatenus
1296 731 1375 765 opus
1400 721 1449 761 sit,
1474 720 1548 754 dicti
1572 720 1780 764 principatus,

1038 775 1130 807 etiam
1146 774 1332 816 iuramento,
1345 774 1585 807 confirmatione
1597 775 1782 818 apostolica,

1039 828 1085 861 vel
1103 828 1212 872 quavis
1229 828 1378 861 firmitate
1399 827 1459 860 alia
1478 827 1645 868 roboratis,
1659 828 1782 861 statutis

1038 887 1068 914 et
1093 881 1383 922 consuetudinibus,
1407 880 1584 925 ceterisque
1616 881 1782 914 contrariis

1038 935 1299 979 quibuscumque.

1084 989 1098 1032 ξ
1123 989 1152 1021 Ji.
1179 989 1329 1021 Volumus
1360 993 1464 1022 autem
1493 987 1577 1032 quod
1609 987 1647 1020 de
1678 987 1782 1021 officio

1039 1041 1262 1084 gubernatoris
1285 1041 1467 1075 huiusmodi
1491 1045 1576 1074 recte
1597 1046 1626 1073 et
1646 1040 1782 1073 fideliter

1040 1095 1227 1135 exercendo,
1244 1105 1279 1128 ac
1296 1095 1333 1128 de
1359 1105 1420 1128 non
1447 1094 1628 1138 recipiendo
1653 1094 1781 1137 aliquod

1040 1159 1139 1192 genus
1157 1149 1308 1189 muneris,
1329 1154 1454 1192 praeter
1478 1149 1637 1181 esculenta
1662 1153 1692 1180 et
1709 1159 1782 1191 pro-

1040 1202 1163 1234 culenta
1188 1212 1268 1245 quae
1293 1202 1398 1235 triduo
1423 1202 1565 1235 consumi
1592 1201 1723 1245 possint,
1753 1202 1781 1232 in

1041 1255 1184 1288 manibus
1209 1255 1315 1288 dilecti
1339 1256 1394 1288 tilii
1420 1256 1517 1289 nostri
1535 1261 1565 1288 et
1587 1254 1785 1298 Apostolicae

1041 1309 1128 1343 Sedis
1147 1309 1176 1342 in
1200 1309 1324 1342 civitate
1351 1311 1456 1343 nostrii
1483 1309 1670 1342 Bononiensi
1689 1309 1725 1341 de
1745 1309 1784 1341 ia-

1041 1368 1106 1396 terc
1131 1363 1224 1405 legati
1249 1363 1389 1396 debitum
1411 1362 1595 1406 pi·tu=stesi11
1614 1363 1714 1395 forma
1735 1373 1784 1395 so-

1042 1417 1094 1451 lita
1120 1418 1345 1450 iuramentum.

1086 1472 1196 1504 Datum
1223 1472 1356 1511 Romae,
1384 1471 1468 1515 apud
1498 1471 1526 1505 S
1556 1471 1694 1510 Petrum,
1727 1470 1784 1502 sub

1042 1526 1159 1559 annulo
1187 1525 1365 1565 Piscator-is,
1387 1525 1436 1557 «lie
1465 1537 1478 1557 x
1511 1525 1614 1557 martii
1645 1534 1784 1561 iincm‘u,

1043 1578 1244 1622 pontificatus
1258 1578 1356 1611 nostri
1378 1589 1460 1611 anno
1486 1589 1516 1611 lt.

1079 1642 1136 1668 bat.
1154 1641 1198 1667 die
1218 1641 1248 1667 to
1264 1641 1353 1667 martit
1374 1641 1562 1675 1657,p01mt.
1581 1649 1653 1667 auno
1669 1647 1695 1666 11.

1345 1766 1481 1798 CXLX'll.

1044 1847 1255 1890 Confirmatio
1286 1847 1405 1879 decreti
1439 1847 1697 1890 conyregsttlitutis
1723 1847 1781 1879 Ri-

1089 1905 1199 1939 tuum,
1228 1910 1291 1944 quo
1317 1901 1351 1932 in
1376 1905 1569 1943 perpetuum
1591 1900 1786 1944 presbyteris

1089 1954 1356 1998 Conyreqatiom‘s
1372 1954 1518 1987 Oratorii
1531 1954 1667 1986 Domini
1684 1955 1788 1987 nostri

1089 2009 1161 2041 Iesu
1195 2008 1341 2050 Christi,
1368 2009 1544 2051 ceterisque
1575 2008 1726 2040 omnibus
1752 2009 1787 2040 in

1087 2073 1198 2095 corum
1224 2062 1443 2095 institutionis
1479 2061 1628 2094 domibus
1659 2061 1786 2094 collabi-

1089 2116 1244 2155 tnntibm,
1274 2115 1431 2147 tribuitur
1448 2115 1587 2157 fitcullas
1611 2117 1788 2159 quotannis

1089 2173 1257 2212 tamquam
1281 2168 1319 2201 (Ie
1344 2169 1500 2201 Patronis
1530 2168 1581 2200 (lie
1606 2178 1707 2202 xxvnt
1733 2170 1784 2201 ιά-

1088 2222 1203 2254 mtarii
1240 2222 1356 2264 festum
1398 2222 1614 2254 solemnitatis
1652 2222 1788 2254 Domini

1088 2275 1162 2307 Iesu
1187 2278 1215 2306 ct
1238 2274 1290 2307 die
1308 2285 1367 2307 xri!
1393 2274 1579 2318 seJ'ztcmbris
1604 2276 1718 2317 festum
1741 2286 1787 2307 so<

1089 2327 1268 2359 immittitis
1298 2327 1514 2360 Beatissimae
1543 2327 1690 2370 Virqim‘s
1714 2339 1787 2361 rum

1089 2381 1208 2413 octaris
1225 2380 1396 2422 recolendi,
1422 2391 1538 2413 necnon
1561 2382 1675 2414 missus
1692 2386 1720 2413 et
1746 2384 1788 2424 of-

1087 2434 1163 2476 ficia
1187 2433 1270 2465 alias
1294 2434 1475 2476 approbata
1499 2434 1684 2467 celebrandi
1709 2436 1787 2468 ret-i-

1092 2486 1248 2530 fandique
1262 2487 1280 2519 ¹.

1083 2551 1090 2576 t
1115 2549 1151 2576 lix
1172 2549 1283 2583 Itcgest.
1306 2548 1331 2575 in
1351 2548 1453 2577 Secret.
1474 2549 1550 2577 Brer.

1673 129 1737 163 263
1786 138 1832 164 An,
1856 137 1883 164 c.
1909 137 1974 164 1657

1831 997 1978 1022 Transunipto-

1797 1030 1841 1044 runi
1858 1023 1917 1046 tides.
