2243 3205
298 218 330 241 in
359 216 386 241 c.
412 216 477 243 1560
525 207 588 240 6220

314 1442 432 1464 Clausulae.

1081 217 1258 240 BULLARlUM
1284 216 1437 240 ROMANUM

495 263 652 296 fundando
666 274 720 296 seu
738 263 889 306 erigendo
903 263 1055 298 eiusmodi
1071 275 1150 298 novo
1169 276 1232 298 mo-
1268 274 1351 296 resse
1372 264 1553 296 habentium
1580 273 1760 303 consensus,
1786 264 1885 298 aliove
1902 264 2003 308 quoli-

494 317 630 349 nasterio
657 317 849 350 necessariae
867 321 896 351 et
917 318 1087 351 destinatae
1112 318 1229 351 extrahi

494 369 659 410 debebunt,
679 371 803 402 insimul
824 381 898 403 voce
924 371 969 404 vel
995 372 1117 414 scriptis
1138 382 1232 414 super

493 424 528 454 ea
548 434 580 455 rc
599 424 840 466 communicent,
857 430 1041 468 matureque
1059 424 1231 457 deliberent

493 479 522 509 et
546 481 682 508 statuant
713 476 793 509 sicut
817 477 987 509 secundum
1012 478 1108 509 Deum
1139 487 1231 519 expe-

492 528 558 560 dire
584 529 774 562 iudicabunt.
792 529 879 568 Quod
897 530 919 562 si
940 530 994 573 ipsi
1014 535 1076 562 tres
1101 529 1230 562 coniun-

492 582 564 614 ctim
591 588 620 614 et
646 583 845 615 concorditer
870 583 907 615 de
933 583 1064 615 utilitate
1090 588 1119 616 et
1147 583 1230 615 bono

491 645 588 668 novae
621 636 788 669 erectionis
822 647 875 668 seu
904 636 1093 670 fundationis
1123 636 1230 668 huius-

491 688 575 720 modi
601 689 769 721 convenire
790 695 956 733 nequeant,
975 689 1025 721 illa
1051 689 1118 721 fieri
1143 688 1229 721 nullo

491 740 585 773 modo
605 741 753 784 possint¹,
771 743 983 786 nullitatisquc
1001 747 1030 774 ct
1055 741 1230 785 subreptio-

490 793 547 833 nis,
573 794 703 837 aliisque
736 794 876 827 iuridicis
900 795 1008 837 poenis
1037 794 1227 827 subiaceant.

489 847 631 880 Ceterum
659 847 852 890 supradictas
877 848 1054 887 ClementiS,
1074 858 1109 880 ac
1131 848 1227 889 Pauli,

490 901 633 943 Gregorii
660 906 689 933 ct
713 901 828 934 Urbani
865 901 1144 945 praedecessorum
1160 929 1167 943 ,
1193 912 1228 933 ac

490 959 592 986 ternas
617 959 750 995 nostras,
779 954 918 998 aliasque
943 955 1061 987 litteras
1085 955 1228 998 apostoli-

489 1017 549 1047 cas,
569 1007 597 1038 in
619 1007 764 1039 omnibus
782 1007 841 1039 illis
859 1008 1018 1040 dumtaxat
1042 1018 1120 1051 quae
1140 1018 1227 1051 prae-

488 1060 629 1092 sentibus
654 1060 906 1093 ordinationibus
935 1061 1045 1106 quovis
1067 1061 1160 1094 modo
1178 1062 1227 1094 ad-

488 1118 661 1153 versantur,
677 1124 711 1146 ex
736 1124 819 1146 nunc
843 1124 1039 1155 revocamus,
1058 1125 1225 1156 cassamus,

487 1166 647 1199 irritamus
668 1172 698 1199 et
714 1168 922 1208 annullamus,
943 1168 1124 1211 viribusque
1141 1173 1169 1200 et
1188 1168 1227 1200 ef-

487 1219 567 1251 fectu
599 1220 722 1263 penitus
756 1226 785 1253 ct
817 1221 945 1254 omnino
978 1232 1161 1261 vacuamus,
1191 1232 1226 1254 ac

487 1283 599 1313 cassas,
617 1273 721 1307 irritas
746 1279 775 1306 et
800 1275 910 1313 nullas,
931 1274 1111 1318 viribusque
1137 1280 1165 1307 et
1186 1276 1225 1307 ef-

485 1325 566 1359 fectu
592 1337 704 1359 vacuas
729 1337 796 1359 esse
821 1333 850 1360 et
874 1332 1026 1371 perpetuo
1043 1332 1073 1360 et
1090 1328 1155 1360 sore
1172 1327 1223 1360 dc-

485 1379 644 1412 cernimus
669 1385 699 1412 et
722 1379 927 1413 declaramus.

532 1432 547 1475 g
571 1432 600 1464 6.
626 1432 834 1466 Decernentes
859 1434 976 1477 pariter
996 1433 1119 1466 easdem
1140 1444 1226 1476 prac-

486 1490 588 1518 sentes
612 1485 749 1526 litteras,
775 1491 805 1519 ct
831 1487 860 1518 in
885 1487 929 1519 eis
955 1491 1099 1519 contenta
1124 1497 1225 1529 quae-

486 1548 629 1581 cumque,
648 1538 740 1571 etiam
766 1549 802 1571 cx
828 1549 864 1572 eo
889 1539 971 1582 quod
990 1540 1118 1583 praefati
1136 1540 1225 1573 Caro-

486 1591 544 1633 lus,
569 1592 719 1624 Martinus
747 1597 777 1624 et
801 1593 947 1637 Renatus,
965 1597 994 1625 et
1013 1592 1064 1624 alii
1083 1592 1224 1635 quilibet,

486 1644 714 1689 cuiuscumque
732 1650 839 1686 status,
865 1645 1002 1688 gradus,
1032 1646 1162 1687 ordinis,
1183 1646 1225 1679 di-

485 1697 610 1740 gnitatis
628 1703 657 1730 et
682 1699 955 1742 praeeminentiae,
981 1704 1033 1731 aut
1057 1699 1132 1731 alias
1156 1710 1224 1743 spe-

486 1751 555 1783 ciali
581 1755 610 1785 et
626 1751 785 1784 individua
804 1753 960 1785 mentione
977 1757 1007 1784 et
1024 1753 1224 1796 expressione

486 1804 572 1847 digni
599 1805 739 1845 existant,
758 1805 788 1837 in
806 1806 987 1849 praemissis
1005 1805 1153 1840 interesse
1174 1807 1225 1839 lia-

485 1858 605 1901 hernes,
627 1870 681 1892 seu
707 1859 822 1892 habere
843 1860 954 1903 quovis
972 1860 1065 1893 modo
1084 1866 1224 1903 praeten-

486 1911 603 1953 dentes,
630 1912 690 1945 illis
706 1923 769 1945 non
787 1912 1012 1952 consenserint,
1032 1923 1089 1945 nec
1109 1913 1147 1945 ad
1172 1913 1223 1945 illa

486 1965 586 1997 vocati
613 1970 643 1997 ct
666 1965 783 2005 auditi,
815 1976 915 2009 neque
940 1976 1062 2006 causae,
1095 1971 1223 2009 propter

485 2028 562 2060 quas
581 2017 663 2061 ipsae
679 2024 861 2061 praesentes
875 2019 1058 2059 emanarint,
1073 2019 1223 2052 sufficien-

486 2075 532 2102 ter
552 2076 603 2102 aut
628 2071 691 2103 ullo
716 2071 809 2103 modo
831 2071 1017 2111 verificatae,
1039 2071 1222 2105 iustificatae

485 2128 515 2155 et
539 2122 690 2156 adductae
715 2124 840 2166 fuerint,
858 2134 912 2157 seu
933 2135 968 2156 ex
988 2124 1048 2156 alia
1074 2125 1221 2168 qualibet,

485 2176 683 2218 quantumvis
708 2176 857 2219 legitima,
876 2178 937 2220 pia,
954 2177 1084 2210 iuridica
1109 2183 1138 2210 ct
1163 2178 1223 2222 pri—

484 2229 627 2271 vilegiata
647 2231 750 2270 causa,
769 2230 884 2270 colore,
905 2231 1039 2273 ingenio,
1061 2235 1222 2279 praetextu

484 2287 513 2313 et
537 2283 649 2326 capite,
668 2283 759 2315 etiam
785 2283 813 2315 in
840 2293 975 2326 corpore
1004 2284 1079 2316 iuris
1104 2284 1221 2324 clauso,

484 2335 576 2367 etiam
610 2337 765 2377 enormis,
797 2337 1034 2369 enormissimac
1066 2342 1095 2370 et
1120 2338 1221 2370 totalis

484 2387 638 2428 laesionis,
655 2389 741 2422 nullo
759 2400 905 2433 umquam
925 2395 1066 2433 tempore
1090 2390 1127 2422 de
1148 2390 1220 2423 sub-

484 2441 652 2483 reptionis,
677 2443 724 2474 vel
749 2443 960 2486 obreptionis,
988 2449 1041 2476 aut
1071 2444 1220 2477 nullitatis

485 2493 568 2533 vitio,
596 2505 651 2527 seu
680 2495 858 2528 intentionis
887 2501 1029 2537 nostrae,
1058 2502 1110 2529 aut
1141 2497 1219 2529 intc-

520 2565 530 2591 1
545 2564 654 2591 Videtur
668 2566 813 2601 legendum
825 2567 914 2602 possit
928 2570 954 2595 et
968 2571 1061 2603 postea
1071 2568 1220 2596 subiaceat

482 2610 522 2643 (n.
539 2609 586 2643 Ti).

1266 317 1317 349 liet
1342 316 1434 349 etiam
1453 317 1573 349 formali
1593 322 1623 350 et
1647 317 1850 359 substantiali,
1868 327 1903 350 ac
1920 317 2003 351 inco-

1265 370 1361 413 gitato
1400 375 1430 402 et
1466 370 1720 413 inexcogitabili,
1749 370 2001 413 individuamque

1265 424 1498 467 expressionem
1525 424 1714 467 requirente,
1735 429 1765 456 et
1784 422 2002 466 undecumque

1267 477 1436 508 resultante
1461 476 1581 510 defectu
1608 476 1720 516 notari,
1749 475 1938 520 impugnari,
1962 475 2000 507 li-

1266 529 1379 569 mitari,
1399 529 1536 572 infringi,
1554 529 1740 570 modificari,
1760 528 1942 568 retractari,
1963 527 2001 560 ad

1266 582 1345 614 viam
1372 592 1425 614 scu
1451 582 1601 615 terminos
1626 582 1703 614 iuris
1728 581 1846 622 reduci,
1876 581 1907 613 in
1927 590 2001 613 con-

1266 635 1448 667 troversiam
1476 635 1590 677 vocari,
1608 645 1661 667 scu
1678 635 1826 667 adversus
1844 634 1911 667 illas
1929 644 2002 677 ape-

1266 687 1386 720 ritionis
1418 688 1482 720 oris
1518 687 1726 720 restitutionis
1757 687 1787 719 in
1821 687 2000 730 integrum,

1264 740 1386 773 aliudve
1412 741 1584 784 impetrari,
1610 751 1665 773 seu
1690 740 1843 780 intentari,
1863 745 1916 773 aut
1940 739 2000 772 im-

1264 797 1396 837 petrato,
1421 804 1476 826 seu
1501 794 1592 826 etiam
1619 799 1717 834 motu,
1734 794 1864 826 scientia
1888 798 1918 826 et
1941 803 1999 836 po-

1264 846 1391 879 testate¹
1417 847 1572 880 similibus
1596 857 1745 880 concesso
1774 847 1820 880 vel
1857 851 2000 880 emanato

2018 216 2066 242 An.
2083 216 2110 243 C.
2132 217 2197 246 ¹660

1262 899 1440 943 quempiam
1470 900 1498 932 in
1525 900 1639 933 iudicio
1665 900 1711 932 vel
1739 904 1827 933 extra
1851 899 1927 932 illud
1954 899 1999 932 uti
2021 918 2024 921 -

1262 964 1316 985 seu
1341 964 1373 986 se
1390 954 1502 986 iuvare
1521 964 1622 997 posse,
1641 964 1741 997 neque
1766 953 1889 986 easdem
1914 963 1998 997 prae·

1261 1013 1362 1041 sentes
1386 1008 1504 1041 litteras
1525 1009 1582 1041 sub
1600 1008 1759 1051 quibusvis
1784 1008 1932 1041 similium
1951 1007 1999 1040 vel

1261 1061 1459 1094 dissimilium
1485 1062 1740 1105 dispositionum,
1766 1061 1997 1095 ordinationum

1261 1120 1290 1147 et
1313 1115 1486 1158 gratiarum
1513 1116 1763 1149 revocationibus
1778 1142 1785 1155 ,
1805 1114 1999 1148 limitationi-

1261 1168 1329 1208 bus,
1346 1168 1453 1201 aliisve
1478 1169 1642 1202 contrariis
1666 1168 1924 1212 dispositionibus
1941 1177 1998 1212 pro

1261 1226 1403 1264 tempore
1422 1222 1508 1254 factis
1533 1232 1669 1266 unquam
1693 1221 1929 1265 comprehendi,
1945 1226 1999 1254 aut

1261 1275 1504 1318 comprehensas
1519 1275 1637 1308 censeri
1651 1287 1658 1316 3
1676 1275 1728 1308 sed
1746 1286 1871 1318 semper
1885 1274 1922 1307 ab
1936 1274 1997 1306 illis

1261 1333 1414 1371 exceptaS,
1441 1334 1470 1360 ct
1494 1328 1616 1372 quotics
1642 1329 1712 1361 illae
1737 1327 1937 1368 emanabunt,
1955 1332 1999 1360 to-

1261 1380 1316 1412 ties
1338 1380 1367 1412 in
1393 1381 1560 1424 pristinum
1588 1387 1617 1413 et
1642 1380 1866 1413 validissimum
1882 1385 1997 1413 statum

1260 1433 1428 1474 restitutas,
1446 1434 1599 1477 repositas
1620 1439 1649 1466 et
1666 1433 1805 1477 plenarie
1829 1433 1998 1476 reintegra-

1260 1492 1305 1519 tas
1331 1487 1462 1530 censeri,
1481 1487 1661 1531 firmasque,
1679 1487 1795 1520 validas
1813 1491 1842 1519 et
1855 1486 1997 1520 efficaces

1260 1540 1392 1573 existere
1417 1546 1446 1573 et
1471 1541 1547 1581 fore,
1568 1552 1603 1574 ac
1627 1541 1666 1573 ab
1691 1541 1761 1582 illis,
1778 1541 1815 1573 ad
1833 1550 1912 1584 quos
1930 1550 1998 1584 spe-

1260 1598 1321 1625 ctat
1341 1599 1370 1626 et
1394 1594 1657 1638 quandocumque
1683 1593 1845 1637 spectabit,
1872 1592 1998 1626 inviola-

1259 1646 1373 1688 biliter,
1390 1652 1420 1679 et
1437 1647 1620 1680 inconcusse
1638 1647 1816 1687 observari3
1833 1646 1950 1690 sicque,
1967 1651 1998 1679 et

1258 1710 1320 1732 non
1343 1700 1443 1740 aliter,
1463 1700 1493 1732 in
1512 1700 1693 1744 praemissis
1718 1699 1865 1733 omnibus
1889 1703 1919 1732 et
1938 1699 1998 1732 sin-

1258 1754 1339 1796 gulis
1364 1754 1494 1793 censeri,
1520 1759 1613 1797 atque
1638 1753 1679 1786 ita
1700 1763 1757 1797 per
1781 1762 1997 1797 quoscumque

1259 1806 1376 1839 iudices
1393 1806 1569 1839 ordinarios
1587 1812 1617 1839 et
1633 1806 1803 1849 delegatos,
1817 1805 1909 1840 etiam
1927 1816 1998 1838 cau-

1258 1870 1362 1892 sarum
1377 1860 1482 1903 palatii
1500 1860 1662 1903 apostolici
1680 1859 1849 1899 auditores,
1867 1869 1903 1892 ac
1919 1858 1997 1891 eius-

1258 1913 1328 1945 dem
1343 1913 1371 1945 S.
1394 1914 1426 1945 R..
1449 1913 1481 1945 E.
1503 1913 1693 1953 cardinales,
1721 1913 1813 1946 etiam
1840 1912 1877 1945 de
1899 1912 1995 1945 latere

1258 1966 1386 2008 legatos,
1405 1971 1434 1997 ct
1450 1965 1531 1998 sedis
1548 1966 1704 2009 praefatae
1721 1965 1863 2006 nuncios,
1880 1964 1995 1998 aliosve

1257 2018 1412 2061 quoslibet
1436 2029 1634 2062 quacumque
1651 2019 1834 2051 auctoritate
1858 2023 1888 2051 et
1911 2023 1996 2062 pote-

1257 2078 1333 2105 state
1358 2073 1522 2114 fungentes
1541 2077 1570 2105 et
1589 2072 1852 2115 quandocumque
1877 2071 1995 2105 functu-

1257 2135 1319 2165 ros,
1342 2124 1462 2157 sublata
1490 2125 1534 2157 eis
1554 2130 1584 2157 et
1609 2135 1717 2158 eorum
1737 2124 1866 2157 cuilibet
1884 2124 1992 2168 quavis

1257 2177 1346 2210 aliter
1371 2177 1526 2210 iudicandi
1549 2182 1578 2212 et
1604 2178 1826 2221 interpretandi
1850 2177 1993 2210 facultate

1258 2235 1287 2264 et
1311 2231 1507 2271 auctoritate,
1526 2231 1655 2263 iudicari
1673 2236 1703 2263 et
1722 2230 1844 2263 definiri
1869 2230 1993 2271 debere,

1256 2295 1291 2317 ac
1316 2285 1438 2318 irritum
1465 2291 1494 2317 et
1520 2285 1621 2325 inane,
1639 2285 1662 2317 si
1681 2296 1770 2318 secus
1794 2295 1888 2328 super
1911 2284 1959 2317 his
1976 2294 1993 2316 a

1255 2348 1425 2381 quoquam,
1443 2338 1551 2381 quavis
1576 2338 1771 2378 auctoritate,
1789 2337 1922 2370 scienter
1945 2336 1993 2369 vel

1255 2391 1449 2433 ignoranter,
1475 2391 1642 2434 eontigerit
1666 2390 1821 2424 attentari.

1298 2445 1313 2487 ἓ
1338 2444 1366 2477 7.
1398 2445 1550 2483 Quocirca
1582 2444 1813 2477 venerabilibus
1845 2442 1991 2477 fratribus

1253 2497 1406 2531 Laudensi
1424 2503 1454 2530 et
1470 2498 1642 2531 Mimatensi
1659 2497 1813 2541 episcopis
1830 2507 1886 2541 per
1903 2505 1992 2540 prae-

1288 2613 1297 2639 t
1318 2611 1366 2639 Ed.
1382 2611 1459 2639 Main.
1470 2611 1532 2647 legit
1539 2614 1691 2647 potestates
1702 2619 1750 2647 pro
1757 2613 1897 2646 potestate
1905 2610 1989 2645 (axin)

2077 2443 2183 2467 Decretum

2007 2474 2046 2495 hoe
2063 2471 2183 2493 inviolabili·

2007 2503 2037 2521 ter
2057 2499 2181 2520 observetur.
