2243 3205
73 185 120 208 Αη,
142 182 168 207 C.
191 181 254 207 1658

871 177 1056 202 ALEXANDER
1082 177 1125 200 vu
1150 177 1197 200 ΓΡ.

268 227 427 261 communi
453 227 576 262 aerario
601 227 674 261 dicti
700 226 862 271 hospitalis
887 236 943 270 per
967 225 1011 258 di-

267 282 365 315 lectos
389 281 470 314 filios
487 287 711 325 praeceptores
739 292 791 313 seu
811 279 1010 313 commenda-

267 334 364 368 tarios
387 335 479 367 trium
507 335 797 379 praeceptoriarum
833 344 885 366 seu
922 344 1009 365 eom-

269 388 454 422 mendarum
481 388 660 421 huiusmodi
687 399 769 420 nunc
795 393 820 420 et
845 398 903 431 pro
932 392 1009 418 tem-

268 453 347 486 pore
373 442 538 475 existentes
556 442 715 474 annuatim
736 441 909 484 respective
924 450 1010 484 prae-

268 495 451 528 standorum
478 506 584 535 onere,
612 500 752 539 spectare
778 500 807 527 ct
832 493 1008 538 pertinere,

268 549 407 592 ipsisque
433 549 532 582 tribus
557 549 785 593 praeceptoriis
803 559 859 592 per
872 558 929 581 nos
947 557 1010 580 ere-

268 602 325 634 ctis
351 608 380 634 et
405 602 552 634 institutis
577 602 751 646 respective
770 607 922 645 perpetuo
941 611 1011 633 con-

267 666 375 696 cessa,
401 655 556 699 applicata
582 661 608 688 et
636 655 841 699 appropriata
878 665 944 687 esse
982 660 1011 687 et

267 709 386 741 censeri
413 709 547 750 debere,
577 714 682 741 tenore
719 708 931 752 praesentium
958 708 1011 740 de-

267 763 433 801 claramus,
451 772 486 794 ac
511 762 711 795 decernimus
733 768 759 794 et
780 762 1008 795 constituimus.

311 816 325 859 ξ
349 816 378 849 3.
404 816 614 849 Decernentes
640 817 757 860 pariter
776 816 899 849 easdem
919 827 1008 860 prae-

267 875 370 902 sentes
387 869 515 912 litteras,
534 876 562 902 et
578 870 606 902 in
621 870 665 902 eis
681 875 825 902 contenta
844 880 1009 913 quaecum-

267 933 337 967 que,
364 924 455 955 etiam
478 933 512 955 ex
539 934 576 956 eo
601 923 683 966 quod
709 923 859 967 praedicti
886 934 1011 967 praece-

267 982 373 1020 ptores
403 987 456 1009 seu
475 977 743 1017 commendatarii,
762 987 884 1010 necnon
905 977 1008 1009 dilecti

268 1029 388 1072 pariter
412 1029 466 1062 fitii
495 1039 626 1072 magnus
646 1030 794 1073 magister
822 1036 848 1062 et
872 1041 1008 1063 conven-

267 1088 316 1115 tus
341 1094 376 1116 ac
413 1083 578 1116 consilium
616 1089 645 1116 et
678 1084 789 1116 fratres
818 1083 1008 1127 quicumque

269 1138 432 1170 memorati
463 1137 648 1182 hospitalis,
674 1138 789 1182 aliique
824 1138 952 1182 quilibet
980 1144 1009 1170 et

267 1191 393 1234 speciali
419 1196 446 1223 et
469 1191 627 1224 individua
653 1192 812 1224 mentione
837 1197 863 1223 et
887 1202 1009 1235 expres—

267 1245 354 1277 sione
379 1244 482 1287 digni,
514 1245 543 1276 in
569 1245 749 1288 praemissis
774 1245 924 1278 interesse
957 1245 1008 1277 lia-

267 1297 386 1338 benten,
406 1308 462 1330 seu
476 1298 592 1331 liabere
612 1298 848 1342 quomodolibet
867 1304 1009 1342 praeten-

266 1351 383 1393 dentes,
413 1352 474 1384 illis
495 1362 557 1384 non
584 1352 809 1392 consenserint,
829 1363 887 1385 nec
909 1352 946 1384 ad
972 1363 1008 1385 ea

267 1405 366 1437 vocati
399 1411 428 1438 et
460 1405 577 1446 auditi,
602 1416 704 1450 neque
730 1417 851 1447 causae,
877 1412 1009 1450 propter

267 1469 344 1502 quas
361 1465 543 1502 praesentes
563 1466 760 1500 emanarunt,
780 1460 942 1501 adductae,
961 1470 1008 1493 ve-

268 1512 406 1546 rificatae
437 1519 489 1546 aut
521 1513 704 1546 iustitie-”ttae
730 1514 864 1556 fuerint,
895 1519 945 1546 aut
971 1525 1007 1546 ex

267 1567 327 1598 atta
341 1578 539 1611 quacumque
559 1569 759 1611 quantumvis
778 1568 928 1611 legitima,
947 1568 1006 1611 pia,

268 1620 399 1653 iuridiea
414 1627 443 1654 et
456 1621 654 1665 privilegiata
669 1623 771 1663 causa,
786 1623 906 1663 colore,
922 1633 1007 1666 prae-

267 1678 352 1706 textu
381 1680 411 1707 et
436 1675 557 1718 capite,
588 1675 680 1707 etiam
708 1676 738 1708 in
763 1686 896 1719 corpore
931 1675 1007 1707 iuris

266 1727 383 1769 clauso,
398 1734 427 1762 et
442 1729 534 1761 etiam
551 1729 699 1769 enormis,
720 1729 959 1762 enormissimae
979 1732 1007 1762 et

266 1781 370 1814 totalis
394 1782 550 1825 laesionis,
576 1783 663 1815 nullo
695 1793 832 1827 unquam
864 1788 1006 1826 tempore

266 1834 303 1868 de
339 1834 553 1880 subreptionis
587 1836 633 1869 vel
659 1836 853 1880 obreptionis
882 1842 935 1869 aut
960 1837 1006 1869 in-

267 1888 413 1921 tentionis
431 1895 555 1922 nostrae
582 1889 628 1922 vel
654 1890 804 1922 interesse
822 1889 1006 1923 habentium

267 1951 446 1982 consensus,
460 1942 560 1975 aliove
574 1942 713 1986 quolibet
731 1943 930 1986 quantumvis
946 1954 1007 1975 ma-

266 2005 338 2037 gno,
352 1995 547 2028 substantiali
565 2002 592 2028 et
616 1995 806 2028 individuam
829 1997 1006 2040 expressio-

265 2058 336 2080 nem
356 2049 533 2092 requirente
551 2049 672 2082 descctu
688 2049 798 2091 notari,
816 2050 1005 2094 impugnari,

266 2102 438 2144 invalidari,
457 2103 616 2146 restringi,
643 2103 803 2136 retractari
830 2104 857 2136 in
884 2110 1007 2138 contro-

265 2156 397 2188 versiam
412 2156 564 2197 revocari,
578 2156 615 2188 ad
630 2157 782 2190 terminos
796 2157 872 2190 iuris
887 2158 1005 2199 reduci,

264 2215 317 2242 aut
340 2209 489 2242 adversus
505 2209 572 2242 illas
587 2210 769 2253 aperitionis
793 2211 867 2250 oris,
885 2211 1006 2244 restitn-

265 2262 358 2295 tionis
383 2263 412 2294 in
438 2263 606 2306 integrum,
620 2263 742 2296 aliudve
761 2263 892 2306 quodvis
918 2264 1003 2306 iuris⁷

265 2316 335 2349 sacti
373 2317 417 2349 vel
453 2317 572 2359 gratiae
609 2317 782 2350 remedium
819 2318 1004 2361 impetrari,

265 2381 318 2403 seu
345 2370 436 2403 ctiam
456 2375 552 2411 motu,
567 2371 696 2403 scientia
715 2376 744 2403 et
760 2371 921 2414 potestatis
942 2372 1005 2415 ple-

264 2423 406 2456 nitudine
430 2424 559 2468 paribus
584 2434 734 2457 concesso
768 2425 947 2468 quempiam
975 2425 1004 2457 in

264 2478 380 2511 iudicio
406 2478 452 2511 vel
477 2482 562 2512 extra
587 2478 662 2511 illud
688 2479 730 2512 uti
757 2489 811 2511 scu
840 2489 872 2511 sc
904 2479 1003 2512 iurari

263 2542 366 2575 posse,
391 2542 492 2575 neque
511 2531 594 2575 ipsas
609 2538 789 2575 praesentes
809 2532 927 2566 litteras
945 2532 1003 2566 sub

264 2585 515 2629 quibuscumque
552 2585 701 2618 similium
729 2586 773 2617 vel
800 2586 997 2619 dissimilium

1047 225 1307 267 declarationum,
1333 226 1532 258 decretorum
1560 230 1589 258 et
1614 226 1787 269 gratiarum

1045 277 1310 317 revocationibus,
1336 278 1587 319 limitationibus‚
1614 278 1788 311 restrictio-

1043 330 1147 370 nibus,
1173 331 1303 374 aliisque
1328 332 1493 364 contrariis
1518 331 1786 376 dispositionibus,

1045 385 1136 418 etiam
1162 396 1219 429 per
1242 396 1299 418 nos
1321 391 1349 418 et
1369 387 1524 419 Romanos
1542 387 1708 420 Pontifices
1721 397 1788 419 suc-

1045 449 1187 472 cessores
1217 444 1342 472 nostros
1375 439 1551 484 Sedemque
1576 440 1786 484 Apostolieam

1045 492 1343 536 quomodocumque
1359 493 1516 535 faciendis,
1533 494 1688 527 ullatenus
1705 505 1788 527 com-

1045 546 1198 590 prehendi
1225 556 1279 579 seu
1306 546 1551 590 comprehensas
1577 548 1708 588 censeri,
1733 548 1787 580 sed

1045 609 1170 643 semper
1194 599 1232 631 ab
1258 599 1318 631 illis
1344 605 1501 643 exceptas,
1518 606 1547 632 et
1572 601 1692 644 quoties
1717 601 1787 633 illae

1045 653 1254 694 emanabunt‚
1281 653 1372 687 toties
1402 654 1432 686 in
1458 654 1625 698 pristinum
1652 660 1680 687 et
1706 655 1783 687 vali-

1046 706 1208 739 dissimum
1247 711 1360 741 statum
1397 707 1555 740 restitutas
1588 712 1617 741 et
1648 708 1787 751 plenarie

1045 760 1263 803 reintegratas,
1278 771 1312 794 ac
1331 761 1423 793 ctiam
1442 761 1499 794 sul]
1520 761 1687 805 posteriori
1706 762 1786 803 data,

1045 824 1103 857 per
1128 824 1191 855 eos,
1217 814 1253 846 ad
1280 825 1358 858 quos
1383 825 1441 858 pro
1468 820 1609 858 tempore
1627 815 1786 858 spectabit,

1045 867 1199 910 eligenda,
1226 868 1263 900 dc
1289 878 1370 901 novo
1390 879 1574 909 concessas,
1600 868 1786 912 firmasque,

1047 921 1162 953 validas
1180 925 1207 955 et
1226 922 1366 954 efficaces
1380 922 1513 954 existere
1530 926 1556 955 et
1576 923 1697 961 formae
1715 933 1787 955 suos

1044 975 1201 1018 plenarios
1235 981 1261 1007 et
1290 976 1428 1018 integros
1461 975 1589 1009 effectus
1622 976 1728 1009 sortiri
1759 982 1788 1008 et

1044 1028 1196 1070 oblinere,
1227 1035 1254 1060 et
1282 1029 1351 1068 illis,
1376 1029 1413 1061 ad
1440 1040 1518 1073 quos
1544 1035 1662 1073 spectat
1680 1035 1709 1062 et
1730 1041 1787 1073 pro

1044 1088 1188 1126 tempore
1207 1082 1470 1127 (piandoeumque
1492 1083 1654 1127 spectabit,
1676 1084 1789 1126 plenis-

1043 1135 1122 1168 sime
1147 1135 1331 1179 sulsragari,
1364 1136 1470 1180 sieque
1496 1142 1521 1168 et
1549 1147 1611 1169 non
1642 1137 1732 1169 aliter
1758 1137 1786 1169 in

1044 1189 1224 1232 praemissis
1243 1199 1300 1233 per
1317 1200 1533 1233 quoscumque
1560 1190 1677 1222 iudices
1702 1190 1786 1223 ordi-

1043 1243 1149 1275 narios
1174 1248 1203 1275 et
1227 1242 1396 1286 delegatos,
1422 1244 1513 1275 etiam
1541 1254 1705 1276 causarum
1733 1255 1787 1287 pa-

1043 1295 1107 1328 latii
1132 1296 1296 1340 apostolici
1318 1297 1487 1337 auditores,
1510 1307 1544 1329 ae
1570 1298 1598 1330 S.
1622 1298 1654 1330 R.
1674 1298 1706 1330 E.
1723 1308 1787 1330 car-

1043 1349 1171 1392 dinales,
1197 1350 1289 1382 etiam
1316 1350 1353 1383 de
1377 1351 1473 1383 latere
1499 1351 1638 1393 legatos,
1664 1361 1786 1383 necnon

1042 1413 1259 1448 quaecumque
1292 1404 1464 1436 tribunalia
1494 1404 1659 1448 hospitalis
1694 1416 1784 1448 prae-

1042 1457 1125 1497 dicti,
1151 1463 1181 1489 et
1206 1458 1282 1490 alios
1301 1458 1455 1501 quoslibet
1475 1458 1583 1501 quavis
1601 1459 1785 1493 auctoritate

1042 1515 1071 1545 et
1099 1516 1251 1555 potestate
1276 1511 1441 1554 fungentes
1467 1516 1495 1545 et
1520 1511 1784 1556 quandocumque

1041 1565 1219 1606 suncturos7
1252 1564 1373 1599 sublata
1399 1565 1442 1598 eis
1467 1570 1497 1597 et
1521 1576 1631 1598 eorum
1658 1565 1784 1599 cuilibet

1041 1619 1149 1662 quavis
1177 1618 1268 1651 aliter
1304 1618 1461 1651 iudicandi
1494 1624 1523 1651 et
1557 1619 1784 1663 interpretamli

1040 1672 1185 1705 facultate
1209 1677 1238 1704 et
1263 1672 1470 1713 auctoritate,
1497 1673 1626 1705 iudicari
1654 1678 1680 1705 et
1707 1672 1784 1705 defi-

1040 1726 1100 1758 niri
1126 1726 1253 1767 debere,
1278 1737 1313 1758 ac
1340 1726 1463 1759 irritum
1483 1731 1509 1759 et
1529 1726 1630 1767 inane,
1649 1727 1673 1759 si
1692 1738 1782 1759 secus

1041 1789 1137 1823 super
1154 1780 1202 1812 his
1219 1790 1236 1811 a
1256 1790 1428 1823 quoquam,
1450 1781 1557 1824 quavis
1585 1781 1781 1820 auctoritate,

1041 1833 1176 1867 scienter
1201 1833 1247 1865 vel
1274 1835 1465 1876 ignoranter,
1491 1833 1659 1877 eontigerit
1683 1839 1782 1866 atten-

1042 1891 1109 1919 tari.

1085 1940 1100 1983 ξ
1124 1940 1152 1972 4.
1179 1941 1247 1973 Non
1273 1940 1483 1977 obstantibus,
1516 1944 1669 1984 quatenus
1703 1951 1782 1984 opus
1799 1950 1979 1970 antummum.

1041 1994 1089 2035 sit,
1115 1993 1285 2038 praedietis
1302 1994 1418 2027 nostris
1439 1994 1561 2033 litteris,
1579 2004 1612 2025 ar
1635 1994 1781 2026 omnibus

1041 2053 1070 2079 et
1095 2047 1248 2090 singulis,
1274 2058 1352 2091 quac
1379 2047 1408 2079 in
1436 2047 1495 2079 illis
1528 2047 1685 2079 voluimus
1719 2057 1780 2079 non

1040 2101 1176 2142 obstare,
1202 2102 1377 2145 ceterisque
1395 2101 1561 2134 contrariis
1579 2101 1780 2145 quibuscum-

1040 2166 1110 2199 que.

1083 2208 1194 2240 Datum
1220 2208 1347 2248 Romae,
1373 2208 1456 2252 apud
1481 2209 1510 2241 S.
1532 2208 1658 2240 Mariam
1687 2209 1779 2240 Maio-

1040 2272 1117 2301 rem‚
1133 2262 1190 2294 sub
1209 2262 1325 2294 annulo
1344 2262 1521 2301 piscatoris,
1539 2262 1587 2293 die
1612 2272 1709 2295 xxviii
1729 2272 1780 2294 no-

1038 2315 1176 2348 vembris
1196 2326 1352 2356 iunchur,
1373 2316 1572 2359 pontificatus
1604 2316 1701 2347 nostri
1727 2325 1780 2347 an-

1038 2379 1078 2401 no
1096 2379 1136 2401 lv.

1075 2431 1131 2458 ltat.
1150 2431 1193 2458 «lic
1210 2432 1243 2458 ⁹28
1262 2432 1415 2459 uoretuliris
1435 2432 1509 2459 1658.
1533 2432 1627 2467 pontis.
1642 2440 1711 2458 anno
1727 2439 1760 2458 tv.

1693 168 1756 200 413
1803 178 1838 202 Α..
1872 177 1890 202 c
1922 178 1985 204 1658
