2185 3188
680 513 1026 597 LECTORI
1083 513 1499 596 BENEVOLO

522 733 972 784 EDITORES
1022 732 1657 784 TAURINENSES

1065 915 1105 955 S.

352 1332 598 1381 Alexandri
638 1331 722 1376 VH
767 1335 811 1377 et
858 1331 1109 1377 Clementis
1148 1329 1212 1376 IX
1254 1331 1561 1378 Summorum
1606 1331 1884 1377 Pontificum

293 1413 642 1458 constitutiones
659 1413 808 1457 tribus
824 1412 1140 1458 voluminibus
1158 1412 1350 1473 digessit
1367 1412 1560 1458 Carolus
1579 1412 1884 1473 Cocquelines

295 1492 508 1537 editionis
534 1493 876 1537 Mainardianae
903 1496 1108 1548 curator,
1136 1508 1220 1538 nos
1246 1492 1430 1537 duobus
1459 1493 1674 1537 editionis
1700 1495 1884 1537 nostrae

293 1572 429 1616 tomis
449 1576 676 1632 quotquot
700 1572 774 1617 ille
796 1573 1023 1633 evulgavit
1042 1573 1419 1634 complectemur.
1440 1573 1652 1627 Quorum
1678 1573 1883 1634 primum

293 1649 462 1711 (totins
512 1652 677 1711 Operis
727 1652 846 1711 11171)Ἶ
896 1653 1158 1713 octuaginta
1209 1653 1418 1713 quinquo
1468 1668 1608 1713 supra
1656 1656 1882 1698 tercentas

289 1729 538 1776 Alexandri
564 1730 647 1775 VH
680 1732 836 1776 Bullas
865 1736 1042 1793 septem
1068 1733 1303 1793 prioribus
1331 1733 1402 1777 sui
1428 1733 1723 1793 15›ontificatus
1750 1733 1882 1778 annis

291 1814 524 1856 emanatas
560 1811 887 1867 continentem,
925 1828 981 1856 en
1016 1813 1117 1867 tibi,
1152 1813 1318 1858 Lector
1352 1813 1570 1872 benigne,
1611 1829 1664 1858 ex
1699 1813 1883 1858 officina

288 1894 446 1937 nostra
480 1907 639 1937 recens
675 1908 897 1937 excusum
924 1892 1221 1947 exhibemus,
1260 1909 1367 1937 mox
1402 1896 1445 1937 et
1479 1892 1674 1937 alterum
1716 1909 1882 1955 magna

286 1970 379 2017 iam
412 1975 541 2032 parte
576 1972 903 2017 concinnatum
939 1973 1122 2028 edituri,
1159 1989 1250 2033 quo
1285 1973 1544 2018 Bullarium
1582 1973 1882 2018 Clierubinia-

286 2066 415 2107 num,
432 2052 490 2097 ad
514 2052 674 2113 viginti
701 2069 847 2114 usque
874 2053 1108 2098 volumina
1130 2069 1214 2114 per
1231 2053 1586 2114 Cocquelinium
1613 2053 1876 2110 zulauctum,

286 2130 451 2177 ultimo
477 2136 687 2178 exactum
714 2133 813 2178 erit.

350 2211 586 2266 Quantum
622 2217 666 2259 et
699 2213 746 2258 in
781 2214 869 2259 1100
902 2213 1138 2259 volumine
1164 2214 1433 2259 adornando
1460 2213 1774 2275 impendimus
1801 2231 1878 2259 cu-

286 2306 444 2337 rarum
479 2296 523 2338 et
555 2293 725 2338 laboris
760 2297 977 2339 testatum
1012 2293 1195 2339 abunde
1230 2294 1398 2339 facient
1422 2298 1520 2338 tum
1555 2294 1764 2354 proxime
1794 2294 1878 2339 ad-

285 2372 430 2418 iectus
477 2373 708 2434 catalogus
756 2374 1124 2435 octingentarum
1172 2377 1216 2419 et
1264 2374 1465 2435 amplius
1515 2390 1628 2434 quas
1676 2374 1876 2419 volumi-

284 2452 422 2498 nibus
458 2454 660 2499 romanis
695 2471 811 2516 quae
846 2455 954 2500 huic
989 2458 1147 2500 nostro
1173 2454 1540 2515 correspondet}t
1575 2454 1875 2499 adhibuimus

285 2535 676 2590 emendationum,
711 2539 808 2580 tum
848 2535 1021 2580 indices
1060 2535 1367 2596 copiosissimi
1394 2538 1438 2580 ct
1471 2534 1783 2579 creberrimae
1819 2535 1875 2578 ad

284 2615 549 2661 inferiorem
583 2615 856 2676 paginarum
891 2615 1148 2676 marginem
1183 2615 1518 2660 adnotationes.
