2243 3205
260 181 307 208 An.
326 181 354 207 C.
375 181 440 209 1655

267 356 307 374 Sil
386 359 431 399 :⁴1¹ss

285 1741 305 1760 ΙΙΙ
315 1749 319 1759 ι
331 1747 363 1765 2110
374 1743 442 1760 μυκη-

258 1768 285 1786 :lit
304 1774 331 1792 lii*
344 1770 362 1786 ul
377 1774 394 1786 iii
409 1773 441 1787 'tl-

294 1803 297 1811 ⁴
313 1802 316 1807 .

291 2568 401 2586 ties-return
419 2567 445 2587 ir·

263 2596 285 2613 [tl
297 2600 333 2613 ins.

486 172 552 204 444

458 230 569 270 steria,
600 230 726 271 domus,
753 230 821 263 loca
844 241 880 264 ac
905 231 1107 275 superiores,
1140 232 1197 264 sra-

459 288 521 316 tres
545 288 575 315 et
599 283 743 316 monachi
772 294 807 317 ac
828 294 980 328 personae
1005 285 1196 325 huiusmodi,

435 336 522 368 de
515 347 592 377 iure,
614 347 681 377 usu,
700 337 926 371 consuetudine
943 338 990 371 vel
1020 338 1195 382 prixilegio‚

422 414 441 427 ,,
436 383 509 423 ¹aut
526 391 728 424 concessione
744 391 926 434 apostolica,
941 392 989 425 vet
1009 392 1069 425 ali-“i
1089 392 1197 435 quatis

279 444 303 481 ,Ῐ,,
325 452 348 482 ῖ
380 441 441 481 ’,ἔξ-ἶ
457 445 652 485 auctoritate,
677 450 729 477 aut
754 445 828 478 ilias
853 445 1089 489 quomodolibet
1106 449 1196 478 utun

457 503 517 539 tur,
540 498 687 530 lr·uuntui
712 503 740 530 et
765 498 912 541 gaudent,
936 509 971 531 ac
996 499 1051 538 uti,
1082 498 1142 530 frui
1168 503 1197 529 ct

457 525 595 591 g'aiidere
620 556 804 593 possuntet
828 557 977 595 poterunt
1001 550 1197 597 quomo-doli-

458 603 508 635 bet
534 602 565 635 in
590 604 741 644 futurum,
767 609 920 647 quatenus
945 604 1005 636 sint
1029 604 1060 636 in
1085 615 1144 636 usu
1169 607 1198 636 ct

457 666 518 688 non
544 656 605 689 sint
629 662 795 698 revocata,
823 668 925 701 neque
957 657 1014 690 sub
1039 656 1197 700 aliquibus

458 710 708 743 revocationibus
733 712 969 754 comprehensa,
988 721 1023 743 ac
1037 711 1133 743 sacris
1150 721 1197 743 ca-

457 763 591 796 nonibus
616 769 645 796 ct
661 764 790 797 Concilii
806 764 978 798 Tridentini
996 763 1140 803 decretis,
1162 774 1197 796 ac

457 818 731 851 constitutionibus
752 818 953 862 apostolicis,
980 828 1033 851 seu
1059 818 1193 861 particu-

457 872 574 905 laribus
600 872 873 905 constitutionibus
904 872 1044 904 eiusdem
1070 881 1198 914 congre-

457 924 590 967 gationis
615 925 871 959 Silvestrinorum
897 936 960 958 non
982 925 1196 965 adversentur,

456 979 495 1010 ad
520 979 711 1022 praedictam
744 979 999 1012 Silvestrinorum
1026 990 1194 1021 congrega-

458 1033 592 1073 tionem,
614 1032 691 1064 itaut
716 1033 787 1075 illa,
816 1033 944 1076 eiusque
970 1038 1030 1065 tam
1058 1033 1196 1065 virorum

456 1096 550 1128 quam
577 1085 746 1118 mulierum
771 1086 918 1129 hospitia,
948 1092 1118 1120 conventus
1143 1096 1197 1119 seu

457 1139 618 1181 regulares
643 1140 764 1180 domus,
792 1140 981 1183 illorumque
1006 1140 1196 1184 superiores,

457 1194 589 1236 priores,
604 1194 762 1235 officiales,
778 1194 900 1235 fratros,
916 1194 1059 1237 ministri,
1074 1200 1103 1226 et
1120 1195 1197 1227 aliae

457 1257 619 1289 personae,
641 1257 724 1279 nunc
752 1252 782 1279 et
809 1258 866 1290 pro
896 1253 1037 1291 tempore
1065 1247 1198 1280 existen-

459 1303 511 1341 tes,
529 1299 710 1342 praemissis
728 1300 874 1333 omnibus
899 1305 928 1332 et
953 1300 1084 1343 singulis
1099 1310 1198 1344 aeque

457 1354 674 1397 principaliter
699 1360 728 1387 et
752 1354 976 1398 parisormiter,
995 1360 1024 1387 et
1048 1355 1114 1388 sine
1134 1355 1197 1387 ulla

458 1418 589 1450 prorsus
614 1408 802 1448 ditt'erentia,
828 1408 888 1450 uti,
921 1409 981 1441 frui
1007 1415 1037 1442 et
1061 1409 1199 1452 gaudere

458 1461 555 1493 libere
580 1465 609 1494 ct
634 1461 717 1494 licite
748 1462 867 1505 possint
892 1468 921 1495 et
946 1463 1089 1503 valeant,
1114 1473 1149 1496 ac
1174 1463 1197 1495 si

459 1513 509 1545 illa
534 1513 635 1547 dictae
660 1515 917 1548 Silvestrinorum
950 1516 1198 1558 congregationi,

458 1567 604 1610 illiusque
630 1568 838 1608 monasteriis,
864 1569 1091 1612 hospitalibus,
1118 1580 1195 1603 con-

458 1621 600 1653 ventibus
624 1627 654 1653 ct
678 1622 823 1654 domibus
849 1623 1062 1665 regularibus,
1087 1633 1122 1656 ac
1147 1633 1198 1656 su-

458 1675 659 1719 perioribus,
685 1676 888 1717 officialibus,
913 1677 1074 1717 fratribus,
1101 1677 1196 1710 mini-

457 1728 530 1761 stris
555 1734 584 1761 ct
607 1729 750 1772 personis
775 1729 954 1773 praedictis,
975 1730 1153 1774 specialiter
1170 1736 1199 1763 et

458 1793 615 1826 expresse,
640 1793 675 1816 ae
700 1783 925 1827 principaliter,
950 1794 1013 1817 non
1036 1789 1139 1817 autem
1161 1785 1199 1817 ad

458 1836 565 1877 instar,
583 1847 740 1879 concessa,
758 1848 794 1870 ac
810 1838 1026 1880 praesentibus
1047 1838 1085 1870 de
1104 1838 1199 1870 verbo

458 1890 496 1922 ad
522 1890 651 1922 verbum
670 1891 786 1924 inserta
806 1891 948 1932 fuissent,
967 1891 1152 1924 auctoritate
1170 1896 1199 1924 ct

459 1949 568 1976 tenore
593 1944 761 1987 praedictis
797 1950 949 1988 perpetuo
980 1944 1197 1985 extendimus,

460 1997 573 2040 illaque
599 1998 704 2030 onmia
729 2003 758 2030 et
778 1998 900 2040 singula
932 1998 1032 2031 dietae
1064 2009 1198 2041 cong-re-

459 2052 577 2094 gationi
607 2052 890 2092 Silvestrinorum,
919 2052 1065 2095 illiusque
1091 2063 1199 2085 mona-

459 2106 572 2147 steriis,
592 2105 810 2149 hospitalibus,
828 2106 1034 2138 conventibus
1055 2117 1090 2139 ac
1112 2117 1200 2149 regu-

460 2159 579 2192 laribus
604 2159 760 2200 domibus,
785 2169 907 2192 necnon
932 2159 1101 2202 prioribuS,
1124 2160 1195 2193 sub-

460 2213 630 2256 prioribus,
649 2212 843 2255 officialibus,
865 2212 1016 2246 ministris
1042 2218 1071 2245 et
1097 2224 1200 2257 perso-

459 2266 505 2298 nis
531 2266 699 2309 praedictis
719 2266 969 2309 quibuscumque
987 2266 1138 2310 (exceptis
1161 2273 1200 2300 ta-

460 2330 530 2353 men
551 2320 723 2364 privilegiis
741 2320 968 2353 monachorum
983 2320 1011 2353 S.
1031 2321 1199 2361 Benedicti,

460 2384 516 2416 per
539 2384 618 2416 quae
644 2373 744 2405 eidem
763 2372 869 2406 Ordini
889 2373 1100 2415 indulgentiae
1125 2384 1198 2406 con-

460 2426 624 2467 ceduntur,
642 2437 678 2459 ac
702 2427 795 2459 etiam
821 2428 949 2470 excepta
974 2427 1120 2459 facultate
1148 2427 1199 2460 eli-

461 2480 552 2521 gendi
571 2486 600 2512 et
617 2480 785 2524 deputandi
811 2486 1048 2513 conservatores
1072 2481 1199 2524 religio·

461 2534 508 2569 uis
533 2540 562 2566 et
586 2534 828 2578 monachorum)
852 2534 1131 2568 communicamus.

506 2587 569 2630 53.
595 2588 803 2622 Decernentes
827 2588 871 2622 sic
896 2593 926 2622 ct
949 2599 1011 2623 non
1036 2589 1126 2622 aliter
1142 2599 1199 2632 per

1037 184 1214 208 BULLARIUM
1239 183 1393 207 ROMANUM

1231 241 1448 274 quoscumque
1473 231 1592 264 iudices
1616 242 1813 276 quacumque
1837 233 1970 266 auctori-

1234 290 1293 316 tate
1307 284 1479 327 fungentes,
1494 284 1586 317 etiam
1601 295 1766 318 causarum
1781 287 1883 329 palatii
1898 297 1970 330 apo-

1231 338 1331 370 stolici
1353 338 1522 379 auditores,
1537 338 1658 372 sublata
1675 339 1718 371 eis
1739 344 1768 372 et
1785 349 1893 373 eorum
1908 340 1970 373 cui-

1232 391 1307 424 libet
1331 392 1439 435 quavis
1464 392 1554 425 aliter
1579 392 1735 425 iudicandi
1760 397 1789 426 et
1819 393 1969 437 interpre-

1232 445 1315 477 tandi
1341 445 1484 478 facultate
1510 451 1539 479 et
1564 446 1765 485 auctoritate,
1786 445 1917 479 iudicari
1941 453 1971 480 et

1231 497 1355 530 definiri
1380 498 1517 539 debere,
1542 509 1577 532 ac
1609 499 1732 531 irritum
1758 504 1788 531 et
1813 498 1920 539 inane,
1945 499 1970 531 si

1231 562 1320 584 secus
1345 562 1441 596 super
1462 552 1509 585 liis
1523 563 1540 585 a
1553 563 1724 596 quoquam,
1741 553 1851 596 quavis
1868 558 1972 586 aucto-

1232 605 1339 647 ritate,
1365 605 1501 639 scienter
1520 606 1566 639 vel
1584 607 1785 649 ignoranter,
1803 607 1971 649 contigerit

1232 659 1387 691 attentari.
1408 659 1562 698 Quocirca
1587 659 1700 693 dilecto
1728 659 1793 693 filio
1818 660 1970 694 moderno

1232 716 1261 744 et
1275 722 1332 756 pro
1355 717 1498 755 tempore
1523 712 1666 745 existenti
1692 712 1793 746 dictae
1818 713 1971 746 Silvestri-

1232 775 1345 798 norun]
1361 765 1616 808 congregationis
1630 766 1800 809 protectori
1814 777 1871 810 per
1883 776 1971 810 prae-

1232 824 1333 851 sentes
1358 819 1585 852 committimus
1603 823 1633 852 et
1654 819 1853 861 mandamus,
1867 825 1971 863 quate-

1231 882 1299 913 nus,
1311 883 1367 916 per
1382 883 1425 915 se,
1437 873 1483 905 vel
1497 873 1604 915 alium,
1620 883 1675 906 seu
1689 873 1777 914 alios,
1791 878 1971 917 praesentes

1232 927 1350 960 litteras
1382 932 1413 959 ct
1445 926 1474 959 in
1500 926 1544 960 eis
1568 932 1713 960 contenta
1738 937 1970 971 quaecumque,

1232 980 1286 1012 ubi
1305 985 1334 1012 et
1350 980 1474 1024 quando
1499 990 1577 1024 opus
1596 980 1699 1020 suerit,
1717 981 1898 1014 solemniter
1917 992 1972 1025 pu-

1233 1033 1368 1074 blicans,
1399 1044 1435 1067 ac
1467 1034 1568 1067 dictae
1601 1034 1857 1067 Silvestrinorum
1891 1045 1969 1068 eon-

1231 1087 1424 1130 greg'ationis
1442 1088 1602 1120 monachis
1623 1087 1654 1120 in
1671 1087 1852 1131 praemissis
1870 1088 1973 1121 effica-

1232 1140 1275 1173 cis
1301 1140 1492 1174 defensionis
1517 1140 1675 1184 praesidio
1704 1141 1860 1184 assistens,
1882 1141 1973 1175 saciat

1232 1194 1416 1228 auctoritate
1451 1197 1558 1227 nostra
1596 1201 1775 1238 praesentes
1811 1200 1841 1227 et
1873 1195 1903 1227 in
1928 1195 1972 1228 eis

1232 1253 1377 1280 contenta
1395 1247 1573 1281 huiusmodi
1596 1248 1729 1280 tirmiter
1747 1248 1919 1290 observari,
1937 1259 1972 1281 ac

1232 1302 1384 1345 singulos,
1410 1313 1488 1346 quos
1514 1303 1598 1346 ipsae
1623 1302 1744 1335 litterae
1769 1308 1971 1342 concernunt,

1233 1356 1292 1389 illis
1318 1356 1448 1400 pacifice
1473 1356 1533 1389 frui
1552 1361 1580 1389 et
1598 1355 1746 1398 gaudere,
1762 1366 1825 1389 non
1843 1355 1972 1399 permit-

1234 1416 1332 1443 tentes
1357 1421 1427 1451 eos,
1456 1411 1503 1443 vel
1530 1420 1641 1443 eorum
1665 1409 1811 1453 aliquem,
1836 1409 1973 1453 desuper

1233 1469 1341 1497 contra
1355 1464 1568 1508 praesentium
1584 1468 1723 1496 tenorem
1739 1474 1795 1507 per
1808 1467 1974 1507 quoscum-

1232 1528 1293 1561 que
1318 1518 1410 1550 etiam
1435 1518 1578 1551 locorum
1597 1517 1778 1551 Ordinarios
1802 1516 1974 1561 quomodo-

1233 1572 1308 1604 libet
1332 1572 1470 1605 indebite
1504 1572 1688 1612 molestari,
1718 1571 1896 1615 perturbari
1925 1571 1972 1604 vel

1234 1625 1388 1669 impediri,
1403 1625 1650 1659 contradictores
1665 1625 1820 1668 quoslibet
1833 1629 1863 1658 et
1876 1624 1974 1657 rebel-

1233 1679 1286 1719 les,
1305 1690 1340 1711 ac
1364 1679 1545 1722 praemissis
1566 1689 1629 1712 non
1646 1684 1799 1722 parentes,
1826 1688 1882 1722 per
1906 1687 1973 1710 sen-

1234 1733 1355 1773 tentias,
1372 1743 1520 1766 censuras
1546 1738 1575 1765 et
1600 1743 1717 1776 poenas
1735 1731 1972 1774 ecclesiasticas,

1233 1786 1356 1829 aliaque
1382 1791 1562 1829 opportuna
1580 1785 1657 1818 iuris
1677 1791 1707 1818 et
1726 1785 1798 1818 sacti
1824 1785 1972 1827 remedia,

1232 1839 1441 1882 appellatione
1468 1839 1652 1882 postposita,
1673 1838 1913 1882 compescendo,
1931 1838 1973 1871 in-

1234 1897 1342 1926 vocato
1358 1893 1450 1925 etiam
1472 1892 1509 1925 ad
1527 1892 1586 1926 lioc
1603 1893 1627 1925 si
1645 1903 1725 1936 opus
1741 1892 1834 1927 suerit
1857 1891 1972 1926 auxilio

1233 1946 1352 1979 bracbii
1379 1946 1537 1979 secularis.

1277 2000 1291 2042 g
1315 1999 1343 2031 ll.
1365 2000 1433 2033 Non
1454 1999 1651 2033 obstantibus
1669 1999 1830 2042 quibusvis
1851 2003 1972 2043 aposto-

1233 2052 1309 2092 licis,
1324 2063 1359 2085 ac
1377 2052 1407 2084 in
1420 2053 1648 2086 universalibus
1663 2052 1972 2096 [Virovincialibusque

1232 2112 1261 2138 et
1275 2106 1475 2150 synodalibus
1493 2106 1634 2139 conciliis
1653 2107 1754 2146 editis,
1772 2106 1971 2149 generalibus

1234 2161 1279 2192 vel
1297 2160 1496 2204 specialibus,
1514 2160 1789 2194 constitutionibus
1803 2165 1833 2193 et
1849 2160 1972 2193 ordina-

1234 2213 1382 2253 tionibus,
1403 2223 1526 2246 necnon
1544 2213 1787 2247 Mendicantium
1809 2213 1972 2255 Ordinum,

1233 2267 1525 2310 congregationum,
1552 2267 1814 2301 monasteriorum
1832 2272 1862 2300 et
1879 2277 1972 2310 regu-

1233 2321 1346 2353 larium
1371 2320 1551 2360 domorum‚
1575 2321 1667 2354 etiam
1693 2321 1880 2361 iuramento,
1902 2331 1973 2354 con-

1234 2374 1411 2407 firmatione
1432 2374 1616 2417 apostolica,
1634 2374 1681 2407 vel
1699 2374 1807 2418 quavis
1825 2374 1972 2407 firmitate

1233 2427 1291 2459 alia
1307 2427 1473 2467 roboratis,
1493 2427 1616 2460 statutis
1634 2431 1663 2461 et
1683 2427 1972 2468 consuetudinibus,

1234 2481 1406 2524 privileg-iis
1418 2491 1553 2525 quoque,
1568 2480 1697 2514 indultis
1711 2486 1741 2514 et
1760 2481 1871 2515 litteris
1895 2490 1971 2523 apo-

1233 2534 1367 2575 stolicis,
1400 2534 1461 2567 illis
1498 2545 1672 2578 eorumque
1696 2533 1912 2578 superioribus
1939 2538 1970 2566 et

1230 2588 1384 2633 personis,
1408 2588 1466 2622 sub
1489 2588 1651 2633 quibusvis
1680 2588 1773 2622 etiam
1796 2588 1966 2632 derogato-

2218 0 2243 150 l

1987 185 2035 212 An.
2051 185 2080 213 c.
2093 185 2169 216 v1659
2218 173 2239 227 t

2010 2008 2123 2029 Contrariis
2132 2009 2166 2030 de·

1988 2036 2054 2061 rogat.
