2243 3205
261 215 307 241 Αη.
326 214 355 242 C.
374 215 440 242 ¹658

287 545 402 571 Exposiuo.

297 1076 445 1096 Ordinationes

262 1103 400 1128 capitulorum
411 1107 445 1127 ge·

262 1129 373 1150 ueralium.

485 206 550 239 424

457 273 517 306 que
534 261 766 302 institutarum¹,
785 262 972 307 uberesque,
989 263 1194 296 benedicente

1032 215 1209 240 BULLAMUM
1235 214 1388 239 ROMANUM

1975 215 2023 241 An.
2044 216 2073 242 C.
2095 216 2160 244 ¹658

1271 263 1286 306 g
1309 262 1337 295 3.
1364 262 1438 295 Cum
1464 266 1580 303 autem,
1596 263 1675 296 sicut
1687 263 1794 296 eadem
1811 263 1964 307 expositio
2014 276 2160 299 ordination·-

1978 307 1992 323 a
2007 302 2104 329 capitulis
2126 309 2160 329 gs·

457 314 601 357 Domino,
612 315 730 348 fructus
745 314 859 357 iugiter
873 315 1142 359 p1·aeserentium²,
1153 315 1194 348 di·
1227 315 1443 359 subiungebat,
1457 315 1558 348 dictus
1575 315 1723 359 magister
1745 316 1899 359 generalis
1916 327 1965 350 ex·
1979 329 2160 352 neratibussactu

456 368 595 401 rectione
619 372 649 400 ct
674 366 829 410 gubernio
864 368 996 412 provide
1028 368 1194 402 constituta

458 425 539 463 sunt,
564 421 709 461 libenter,
735 430 805 453 eum
824 431 841 453 a
857 421 947 454 nobis
970 421 1096 466 petitur,
1121 431 1192 465 apo-

458 473 558 507 stolici
585 472 766 506 muniminis
783 473 983 517 adiungimus
1003 474 1193 507 firmitatem.

503 527 560 571 §l
576 526 693 571 Exponi
712 527 865 571 siquidem
890 527 981 560 nobis
1005 538 1105 572 nuper
1125 527 1196 560 fecit

459 580 590 613 dilectus
614 579 697 613 silius
727 580 877 623 magister
901 580 1055 624 generalis
1073 579 1197 613 Ordinis

460 633 726 677 Praedicatorum,
744 634 840 678 quod,
853 634 890 666 ad
904 634 1104 667 avertendam
1119 633 1197 666 eius-

459 686 529 719 dem
558 686 682 720 Ordinis
706 686 908 728 divisionem,
937 685 1197 730 retinendamque

459 739 542 772 illius
566 739 726 781 unionem,
744 749 838 784 quam
856 739 894 772 ab
914 739 984 783 ipsa
1008 738 1055 771 sui
1080 738 1198 771 institu-

458 790 542 825 tione
565 792 604 824 ad
628 791 706 825 haec
729 802 828 836 usque
853 797 997 835 tempora
1021 790 1079 824 sub
1106 790 1198 823 unius

459 844 631 889 superioris
655 845 811 888 generalis
844 843 1016 877 directione
1045 842 1198 883 servavit,

458 897 555 930 sactae
589 897 715 932 fuerunt
741 892 757 930 'a
782 897 913 930 diversis
946 896 1042 941 ipsius
1074 895 1198 929 Ordinis

459 950 604 995 capitulis
628 950 828 995 generalibus
845 949 1058 984 ordinationes
1082 948 1199 982 tenoris

460 1003 513 1048 qui
537 1004 689 1048 sequitur,
706 1004 866 1037 videlicet:

505 1056 520 1100 ἓ
536 1057 565 1089 2.
584 1056 634 1090 Sic
651 1056 766 1090 dicitur
784 1056 815 1089 in
832 1056 969 1101 capitulo
989 1055 1126 1099 generali
1144 1055 1200 1088 Ro-

462 1120 529 1143 mae
540 1109 756 1145 MDCLXXX1113:
777 1122 789 1141 «
805 1109 992 1143 Ordinamus
1006 1109 1044 1142 de
1057 1119 1199 1142 commu-

461 1162 492 1197 ni
511 1163 605 1197 totius
629 1163 752 1197 Ordinis
777 1173 931 1197 consensu
948 1168 978 1196 et
996 1161 1200 1207 prohibemus

461 1216 545 1260 quod
569 1216 674 1250 nullus
698 1222 847 1262 procuret
871 1216 995 1249 Ordinis
1015 1215 1199 1249 divisionem

462 1269 519 1302 sub
542 1271 645 1314 poena
670 1269 1002 1304 excommunicationis
1026 1269 1106 1302 latae
1130 1279 1200 1301 scn-

463 1324 576 1357 tentiae
590 1350 597 1364 ,
618 1334 653 1357 ac
675 1324 743 1357 aliis
767 1324 878 1368 poenis
902 1323 1057 1367 gravioris
1081 1323 1200 1367 culpae,

461 1388 478 1410 a
502 1377 618 1422 quibus
642 1388 705 1411 non
733 1378 831 1422 possit
858 1378 989 1419 absolvi,
1006 1377 1064 1410 nisi
1095 1388 1110 1409 a
1140 1387 1202 1409 ma—

462 1431 561 1474 gistro
583 1431 722 1471 Ordinis,
744 1431 992 1475 mandamusque
1016 1430 1073 1463 sub
1091 1430 1200 1463 cadem

462 1486 573 1529 poena,
587 1485 671 1528 quod
689 1485 792 1518 nullus
808 1490 957 1529 procuret
974 1484 1200 1517 institutionem

463 1538 568 1571 vicarii
593 1538 747 1582 generalis
772 1539 931 1571 Indiarum
955 1550 982 1571 )).
1007 1538 1094 1578 Quod
1119 1538 1201 1571 idem

465 1593 582 1626 Romae
606 1602 777 1634 iianxxlx,
798 1592 933 1627 Venetiis
958 1602 1075 1633 Μυκη,
1103 1597 1133 1625 et
1157 1592 1202 1624 in-

464 1645 554 1678 terim
580 1646 697 1679 Romae
721 1655 805 1686 unci,
831 1652 861 1679 et
885 1645 1010 1678 Parisiis
1035 1655 1148 1687 mcxl,
1174 1649 1204 1678 et

464 1699 649 1744 Ulyssipone
680 1709 844 1742 itincxvm,
877 1704 907 1732 et
938 1698 1049 1732 ultimo
1079 1697 1200 1731 Medio-

464 1753 525 1786 lani
540 1762 668 1787 mncxxn
682 1753 730 1786 his
745 1753 849 1786 verbis
864 1753 1081 1786 confirmatur:
1103 1765 1115 1784 t(
1130 1752 1205 1786 Con-

465 1808 628 1841 firmamus
652 1807 880 1840 ordinationem
906 1808 1032 1849 Romae,
1058 1807 1203 1848 Venetiis,

465 1860 590 1895 Parisiis
623 1866 652 1895 et
687 1861 889 1906 Ulyssiponao
920 1860 1032 1893 factam
1061 1865 1091 1893 et
1123 1870 1201 1894 con-

467 1915 633 1957 firmatam,
649 1925 686 1948 nc
711 1914 829 1948 scilieet
853 1914 945 1955 ullus,
962 1913 1020 1946 sub
1045 1913 1154 1957 poenis
1173 1913 1204 1945 in

466 1968 603 2012 capitulo
629 1968 666 2001 de
690 1967 827 2012 graviori
852 1967 943 2011 culpa
971 1966 1141 2007 contentis,
1169 1978 1204 1999 ac

466 2022 559 2054 etiam
578 2022 635 2054 sub
653 2022 756 2066 poena
777 2020 1109 2054 excommunicationis
1126 2020 1205 2053 latae

467 2075 652 2117 sententiae,
678 2075 755 2108 liac⁴
780 2076 840 2107 una
865 2085 924 2119 pro
949 2074 1030 2107 trina
1055 2074 1205 2107 canonica

468 2129 640 2162 monitione
663 2129 836 2173 praemissa
858 2128 960 2172 (cuius
984 2127 1138 2161 absolutio
1156 2138 1204 2160 re-

468 2181 694 2216 verendissimo
718 2182 842 2216 Ordinis
866 2181 1068 2225 reservatur)
1089 2180 1205 2215 directe

468 2236 514 2269 vel
541 2236 692 2270 indirecte
717 2235 901 2270 divisionem
928 2235 1061 2278 Ordinis,
1088 2235 1134 2268 vel
1159 2235 1205 2267 in-

469 2290 661 2323 stitutionem
698 2290 804 2323 vicarii
841 2289 995 2333 generalis
1026 2289 1182 2322 Indiarum
1197 2315 1205 2330 ,

469 2343 579 2388 quovis
611 2348 774 2388 praetextu
809 2343 921 2377 audeat
949 2343 995 2376 vel
1026 2347 1207 2387 praesumat

470 2408 651 2440 procurare.

507 2492 516 2514 1
541 2488 606 2515 Male
625 2488 689 2515 edit.
711 2487 788 2514 Main.
810 2487 873 2522 legit
891 2487 1059 2514 institutam
1077 2488 1114 2518 (n.
1131 2488 1178 2516 τ.).

506 2533 522 2558 2
542 2533 634 2568 Aptius
653 2532 710 2567 lege
727 2532 939 2567 perferentium
961 2534 997 2565 (lt.
1013 2532 1061 2563 T.).

507 2578 523 2604 3
543 2576 584 2603 Sic
604 2576 667 2603 edit.
689 2576 779 2607 Main.;
799 2575 888 2603 forsan
909 2581 1064 2601 uanxxxm
1084 2576 1122 2608 (a.
1143 2576 1191 2608 T.).

508 2623 522 2650 4
544 2621 596 2648 Μεί
617 2621 760 2656 legendum
780 2621 815 2646 sit
834 2628 866 2646 ac
886 2628 935 2654 pro
954 2620 1007 2646 hac
1026 2625 1063 2653 tn.
1080 2620 1127 2653 T.).

1227 378 1346 412 ponens
1371 368 1586 402 ordinationes
1617 368 1808 410 huiusmodi,
1828 379 1886 413 pro
1910 368 1964 402 ssr-
1979 355 2090 403 iiiss'xs'fm‘
2107 355 2159 378 Μ’

1229 420 1321 454 miori
1338 420 1461 453 illarum
1477 420 1677 454 subsistentia
1692 424 1721 455 et
1738 420 1965 462 observatione,

1228 473 1417 517 apostolicae
1441 473 1688 508 confirmationis
1705 478 1831 507 nostrae
1850 473 1966 507 robore

1229 526 1416 559 communiri
1448 537 1648 570 summopere
1679 526 1855 560 desideret:
1887 535 1966 566 nos,

1230 579 1331 623 ipsum
1359 579 1544 623 magistrum
1577 579 1755 623 generalem
1780 578 1967 623 specialibus

1230 632 1388 666 favoribus
1412 638 1442 666 et
1466 633 1574 676 gratiis
1598 632 1745 676 prosequi
1771 632 1920 672 volentes,
1937 637 1969 665 et

1231 696 1248 718 a
1272 686 1433 729 quibusvis
1457 685 1810 726 excommunicationis,
1839 694 1968 729 suspen-

1231 739 1326 772 sionis
1346 744 1376 771 et
1396 739 1573 779 interdicti,
1595 739 1726 782 aliisque
1752 737 1969 771 ecclesiasticis

1231 791 1401 833 sententiis,
1426 792 1567 825 censuris
1591 797 1621 824 et
1644 791 1763 835 poenis,
1787 801 1805 823 a
1828 790 1897 823 iure
1920 790 1969 823 vel

1232 845 1270 878 ab
1294 845 1420 879 homine
1435 872 1442 886 ,
1474 845 1582 888 quavis
1614 844 1778 878 occasione
1805 844 1852 877 vel
1876 844 1970 876 causa

1232 898 1322 939 latis,
1352 898 1376 930 si
1402 897 1516 941 quibus
1545 897 1780 941 quomodolibet
1804 895 1969 930 innodatus

1233 950 1345 990 existit,
1359 950 1396 984 ad
1414 950 1559 984 effectum
1575 949 1787 994 praesentium
1812 949 1971 983 dumtaxat

1233 1003 1509 1048 consequendum,
1534 1004 1645 1036 harum
1670 1003 1751 1036 serie
1774 1002 1970 1036 absolventes

1233 1060 1262 1091 et
1278 1057 1453 1090 absolutum
1473 1057 1539 1090 sore
1557 1062 1726 1099 censentes,
1741 1054 1971 1101 supplicationi-

1233 1109 1291 1142 bus
1315 1109 1381 1142 eius
1402 1109 1529 1143 nomine
1552 1109 1641 1143 nobis
1658 1119 1755 1153 super
1771 1109 1832 1142 hoc
1848 1107 1972 1141 humili-

1235 1167 1280 1195 ter
1293 1162 1446 1207 porrectis
1460 1162 1609 1203 inclinati,
1622 1161 1835 1196 ordinationes
1848 1160 1971 1206 praein-

1234 1220 1342 1258 sertas,
1357 1216 1541 1248 auctoritate
1558 1214 1738 1259 apostolica,
1757 1220 1865 1248 tenore
1880 1223 1972 1258 prae-

1234 1269 1379 1311 sentium,
1398 1268 1631 1309 confirmamus,
1649 1268 1771 1312 illisque
1785 1266 1972 1301 inviolabilis

1234 1323 1422 1368 apostolicae
1445 1322 1601 1355 firmitatis
1625 1322 1722 1355 robur
1746 1321 1919 1362 adjicimus,
1935 1331 1973 1354 ac

1234 1387 1343 1411 omnes
1367 1381 1397 1409 et
1420 1376 1561 1419 singulos
1586 1375 1662 1408 iuris
1684 1380 1714 1408 et
1729 1374 1799 1409 sacti
1824 1374 1973 1415 desectus

1235 1431 1259 1463 si
1277 1430 1329 1474 qui
1350 1429 1588 1474 quomodolibet
1612 1428 1845 1471 intervenerint,
1869 1428 1902 1462 in
1918 1428 1974 1461 eis-

1235 1484 1304 1516 dem
1330 1483 1525 1527 supplemus.

1280 1538 1295 1582 §
1315 1538 1344 1571 Ji.
1361 1538 1568 1571 Decernentes
1586 1535 1709 1569 casdem
1728 1539 1909 1580 praesentes
1924 1534 1974 1567 lit·
2015 1545 2052 1566 sae
2067 1545 2093 1576 ap
2106 1545 2168 1575 σφω,-

1237 1598 1319 1625 teras
1346 1597 1376 1624 et
1407 1590 1616 1635 praeinsertas
1640 1588 1854 1623 ordinationes
1885 1597 1970 1621 semu
1987 1571 2167 1621 i'n'ssznatfud'm

1237 1656 1294 1690 per
1319 1645 1444 1685 sirmas,
1473 1643 1589 1676 validas
1621 1648 1651 1675 et
1675 1642 1816 1675 efficaces
1841 1640 1975 1675 existere

1237 1704 1267 1732 ct
1283 1700 1359 1739 sore,
1373 1708 1408 1731 ae
1425 1697 1463 1729 ab
1488 1697 1558 1738 illis,
1571 1696 1610 1729 ad
1633 1706 1712 1740 quos
1736 1699 1855 1739 spectat
1871 1698 1901 1728 et
1916 1704 1975 1738 pro

1239 1758 1381 1796 tempore
1406 1749 1669 1794 quandocumque
1693 1747 1863 1792 spectabit,
1881 1747 1976 1780 invio-

1237 1806 1371 1840 labiliter
1396 1804 1578 1844 observari,
1604 1803 1711 1847 sicque
1736 1803 1766 1835 in
1794 1801 1975 1847 praemissis

1239 1871 1295 1905 per
1310 1869 1527 1904 quoscumque
1544 1857 1662 1891 iudices
1682 1856 1858 1891 ordinarios
1878 1859 1908 1890 et
1927 1855 1976 1889 de-

1238 1915 1366 1957 legatos,
1384 1913 1474 1946 etiam
1496 1922 1660 1945 causarum
1682 1911 1787 1955 palatii
1812 1910 1976 1955 apostolici

1238 1967 1406 2007 auditores,
1427 1965 1557 1999 iudicari
1582 1970 1611 1998 et
1636 1964 1759 1998 definiri
1784 1964 1917 2004 debere,
1941 1973 1977 1996 ac

1238 2020 1362 2053 irritum
1389 2026 1419 2052 et
1443 2019 1555 2059 inane,
1587 2018 1612 2051 si
1644 2027 1734 2051 secus
1762 2027 1858 2060 super
1889 2016 1936 2049 his
1960 2027 1978 2048 a

1238 2084 1412 2118 quoquam,
1430 2072 1538 2116 quavis
1558 2071 1752 2114 auctoritate,
1776 2070 1910 2104 scienter
1931 2070 1978 2103 vel

1239 2128 1430 2171 ignoranter,
1454 2125 1621 2168 contigerit
1646 2124 1800 2157 attentari.

1283 2181 1298 2225 g
1322 2180 1351 2214 5.
1383 2180 1449 2214 Non
1482 2178 1678 2212 obstantibus
1703 2176 1978 2211 constitutionibus

1239 2239 1268 2267 et
1288 2231 1538 2267 ordinationibus
1556 2231 1746 2275 apostolicis,
1759 2239 1890 2272 necnon,
1907 2239 1979 2273 qua-

1239 2293 1328 2321 tenus
1353 2296 1431 2330 opus
1456 2285 1503 2328 sit,
1522 2284 1594 2317 dicti
1615 2283 1739 2318 Ordinis
1763 2283 1893 2326 eiusque
1906 2292 1979 2326 pro-

1239 2340 1414 2374 vinciarum
1441 2343 1471 2371 et
1495 2342 1704 2371 conventuum
1730 2334 1924 2379 quorumvis,
1948 2340 1979 2368 et

1239 2394 1307 2427 aliis
1331 2392 1533 2437 quibuslibet,
1550 2391 1642 2424 etiam
1661 2390 1846 2430 iuramento,
1865 2387 1975 2421 confir-

1241 2447 1376 2480 matione
1400 2445 1592 2489 apostolica,
1618 2444 1665 2476 vel
1702 2442 1810 2486 quavis
1833 2441 1980 2474 firmitate

1239 2501 1299 2534 alia
1320 2499 1485 2540 roboratis,
1503 2497 1624 2531 statutis
1645 2502 1674 2530 et
1691 2494 1978 2534 consuetudinibus,

1240 2554 1411 2599 privilegiis
1435 2563 1571 2597 quoque,
1588 2550 1716 2584 indultis
1739 2555 1769 2583 et
1784 2548 1895 2582 litteris
1908 2558 1979 2592 apo-

1240 2607 1357 2641 stolicis
1381 2607 1411 2639 in
1428 2605 1619 2640 contrarium
1640 2603 1886 2648 praemissorum
1903 2611 1979 2645 quo-

2008 2181 2122 2204 Contrarils
2137 2180 2172 2201 de-

1993 2210 2060 2235 rogat.
