2185 3188
41 163 90 189 An.
108 163 136 189 C.
158 161 222 189 1657

61 486 178 508 Exordium,

55 962 191 990 Supptieano.

828 163 1009 185 At.[x·.xNDE.¹t
1037 164 1078 186 vtl
1102 164 1147 187 ΙῬ,

276 208 427 242 electione
450 210 631 242 eorumdem
655 210 872 254 superiorum,
889 209 972 243 alio-

278 272 414 306 rumque
438 262 626 305 officialium
641 263 658 295 ⁴.

424 351 591 378 Alexander
611 352 690 385 Papa
710 352 772 378 vu.

371 395 407 421 ad
428 395 562 422 futuram
582 396 626 423 rei
647 397 829 423 memoriam.

274 474 468 508 Sacrosancti
494 475 685 518 apostolatus
709 475 846 508 officium
873 476 971 508 humi-

228 528 306 560 litati
339 533 465 561 nostrae
495 539 552 572 per
588 529 810 562 abundantiam
848 529 970 563 divinae

227 580 374 614 bonitatis
399 582 603 614 commissum
626 582 775 626 exposcit,
795 586 826 615 ut
843 583 970 626 religio—

227 643 334 668 sorum
359 634 500 668 virorum
526 635 584 667 sub
602 635 686 668 suavi
713 635 876 678 religionis
895 636 968 679 iugo

225 686 375 720 Altissimi
401 688 562 732 obsequiis
588 689 837 733 mancipatorum
867 695 969 733 pater-

223 750 295 773 nam
318 751 425 774 curam
451 745 618 784 gerentes,
644 742 714 776 illos
738 753 754 775 a
779 743 968 786 gravamini-

223 793 281 826 bus
306 793 450 828 indebitis
475 800 630 836 tueamur,
648 806 684 829 ac
701 806 812 829 eorum
830 807 967 830 commo-

223 846 270 879 dis
287 850 316 880 et
337 846 417 880 felici
439 847 616 889 directioni,
637 853 788 892 quantum
814 849 904 882 nobis
929 861 964 883 ex

223 899 285 933 alto
310 900 504 942 conceditur,
530 902 742 935 consulamus.

265 953 280 997 §
305 953 334 987 l.
359 952 434 987 Cum
461 953 565 999 itaque
591 955 685 998 (sicut
717 955 849 989 dilectus
882 955 964 988 silius

222 1005 383 1040 Odoardus
393 1006 576 1048 Batnai-dus,
586 1009 841 1051 congregationis
849 1009 965 1042 Camal-

221 1058 359 1092 dulensis
373 1059 497 1094 Ordinis
515 1061 611 1095 sancti
635 1061 794 1095 Benedicti
811 1073 964 1106 procura-

222 1117 270 1146 tor
294 1113 459 1156 generalis,
473 1114 600 1148 nomine
624 1115 719 1149 totius
744 1116 962 1159 congregatio-

222 1166 268 1199 nis
294 1166 474 1200 huiusmodi
491 1168 584 1201 nobis
604 1179 705 1213 nuper
729 1170 841 1214 exponi
866 1170 962 1213 fecit),

220 1220 293 1253 licet
309 1220 388 1253 sacri
403 1220 532 1254 Concilii
550 1221 722 1254 Tridentini
739 1222 874 1255 decretis
891 1233 962 1255 cau-

221 1280 286 1307 tum
319 1273 515 1319 reperiatur,
542 1280 574 1307 ut
602 1275 725 1318 priores
758 1276 960 1317 claustrales,

219 1327 317 1360 autin
337 1326 532 1370 prioratibus
557 1333 746 1360 conventum
773 1327 961 1361 habentibus

219 1380 414 1425 subpriores,
435 1381 488 1425 qui
509 1381 723 1415 correctiones
744 1387 773 1414 et
798 1382 960 1426 spirituale

218 1435 360 1478 regimen
377 1439 533 1475 exercent,
561 1445 577 1467 a
595 1435 740 1479 capitulis
760 1436 960 1479 generalibus

217 1488 265 1521 vel
291 1487 433 1532 ipsorum
459 1487 611 1521 Ordinum
637 1488 851 1522 visitatoribus
866 1489 958 1522 insti-

216 1545 367 1581 tuantur,
392 1541 535 1573 nonnulli
566 1541 772 1574 nihilominus
797 1552 959 1575 commen-

215 1593 326 1627 datarii
343 1594 497 1638 quaedam
524 1595 714 1627 monasteria
738 1595 959 1638 congregatio-

214 1647 262 1681 nis
285 1647 464 1691 praedictae
482 1647 512 1679 in
538 1648 757 1680 commendam
779 1648 958 1682 obtinentes

214 1701 332 1745 (forsan
356 1701 388 1734 in
417 1701 478 1734 vim
511 1701 686 1735 litterarum
712 1703 955 1745 apostolicarum

214 1765 308 1800 super
345 1755 529 1789 eorumdem
567 1757 831 1789 monasteriorum
869 1767 956 1790 com-

213 1807 333 1841 mendis
359 1807 588 1852 expeditarum,
619 1809 649 1841 in
673 1809 788 1853 quibus
814 1809 954 1854 ipsorum

213 1861 477 1896 monasteriorum
503 1873 598 1903 cura,
622 1862 764 1905 regimen
797 1869 827 1895 et
855 1863 953 1896 admi-

212 1914 371 1955 nistratio,
397 1920 459 1948 tam
486 1915 517 1948 in
542 1915 778 1959 spiritualibus,
804 1926 897 1960 quam
925 1917 953 1949 in

211 1967 454 2012 temporalibus,
479 1968 619 2012 plenarie
652 1969 872 2013 comn‘iittitur)
907 1970 954 2003 ius

210 2022 391 2056 instituendi
417 2033 452 2056 ac
476 2023 664 2056 destituendi
692 2024 816 2067 priores
834 2030 862 2057 et
883 2025 952 2058 olli-

210 2075 303 2108 ciales
329 2076 523 2116 claustrales,
540 2086 663 2109 necnon
681 2077 836 2117 visitandi,
857 2078 952 2111 corri-

209 2128 313 2171 gendi,
331 2129 482 2162 statuendi
509 2135 539 2162 et
557 2130 723 2163 ordinandi
741 2136 769 2163 et
787 2131 951 2164 exercendi

209 2192 245 2216 ea
268 2192 346 2226 quae
371 2182 546 2216 institutum
579 2184 724 2226 regulare
748 2190 950 2224 concernunt,

209 2236 246 2269 ad
271 2246 304 2269 se
327 2241 480 2280 spectare,
498 2237 704 2270 electionibus
728 2242 757 2272 et
781 2238 950 2281 depositio-

208 2288 300 2321 nibus
324 2288 469 2332 priorum
503 2293 532 2322 et
557 2290 779 2333 subpriorum,
805 2291 951 2324 aliorum-

245 2387 254 2412 l
278 2385 452 2413 consimilem
483 2386 694 2421 prohihitionem
724 2387 785 2414 fecit
815 2389 908 2414 Innoc.
930 2388 949 2415 X

207 2430 297 2458 Const.
319 2436 416 2464 cxcnt,
439 2431 602 2459 Pastoralis
621 2431 725 2465 oflicii,
749 2436 812 2459 tom.
837 2440 880 2463 xv,
903 2442 949 2468 pa-

207 2474 269 2510 gina
288 2475 337 2502 771
360 2483 408 2510 pro
433 2475 671 2503 commendatariis
700 2476 947 2511 (listerciensibus,

209 2528 288 2556 quam
308 2520 446 2547 innovavit
462 2520 505 2548 hic
520 2521 645 2549 Pontifex
661 2521 685 2548 in
703 2529 751 2548 sua
766 2523 856 2549 Const.
876 2531 946 2555 xxix,

209 2563 325 2600 Experti
343 2565 435 2600 nobis,
456 2569 483 2593 ut
502 2573 563 2600 sup.
587 2573 647 2601 pag.
666 2566 707 2593 siti.

313 2619 387 2646 nult.
404 2619 487 2647 Rom.
500 2635 532 2638 -
556 2620 612 2646 t'ut.
632 2619 706 2645 XVI.
870 2619 903 2649 34

1652 158 1716 190 205

1005 220 1065 254 que
1089 210 1282 254 officialium,
1303 224 1338 246 ac
1357 214 1449 246 etiam
1470 214 1699 247 visitationibus
1720 222 1746 248 et

1006 264 1234 297 monachorum
1250 268 1499 301 correctionibus
1513 279 1579 301 sese
1593 269 1748 312 ingerere,

1004 317 1146 361 quinimo
1168 320 1349 362 superiores
1364 321 1464 355 dictae
1484 323 1747 365 congregationis,

1006 371 1195 404 monasteria
1228 373 1387 415 praedicta
1424 375 1549 407 visitare
1586 381 1615 408 et
1646 377 1746 409 resor-

987 426 989 470 ζ
1006 434 1091 456 mare
1116 425 1200 458 iuxta
1225 426 1365 458 eiusdem
1385 429 1637 470 congregationis
1657 440 1747 472 regu-

987 472 1081 510 'laria
1106 477 1247 510 instituta
1272 480 1450 523 cupientes,
1482 482 1634 524 repellere
1658 494 1746 526 prae-

1005 530 1129 563 tendant
1144 535 1173 563 et
1190 535 1391 574 praesumant
1405 543 1466 565 non
1480 533 1546 566 sine
1560 535 1746 576 gravissimo

1004 583 1101 626 ipsius
1128 585 1407 626 congregationis,
1437 585 1565 629 eiusque
1592 593 1746 620 monaste-

1003 636 1145 677 riorum,
1171 648 1205 670 ac
1231 638 1432 681 superiorum
1463 644 1490 670 et
1518 640 1745 672 monachorum

1002 690 1196 733 praeiudicio
1221 697 1247 723 et
1276 691 1492 724 observantiae
1518 693 1672 735 regularis
1697 693 1745 726 de-

1000 743 1169 776 trimento:

1044 795 1100 839 §2
1116 797 1196 830 Hinc
1209 792 1356 841 estquod
1371 808 1436 839 nos,
1451 797 1743 832 inconvenientibus

1000 849 1181 883 huiusmodi
1204 850 1378 883 remedium
1405 850 1538 891 adferre,
1563 851 1743 896 dictumque
1759 848 1795 859 ²⁴*

999 902 1178 936 Odoardum
1188 909 1427 948 procuratorem
1439 905 1618 947 generalem
1629 906 1743 948 specia-

999 956 1080 989 libus
1091 957 1251 990 favoribus
1261 962 1290 990 et
1305 957 1414 1000 gratiis
1428 958 1576 1001 prosequi
1592 959 1741 999 volentes,

999 1016 1027 1043 et
1044 1021 1061 1043 a
1074 1010 1237 1054 quibusvis
1252 1011 1596 1050 excommunicationis,
1611 1022 1740 1055 suspen—

998 1063 1094 1097 sionis
1120 1067 1149 1097 et
1173 1063 1343 1105 interdicti,
1362 1064 1493 1107 aliisque
1522 1064 1741 1098 ecclesiasticis

997 1116 1169 1156 sententiis,
1195 1116 1337 1150 censuris
1362 1121 1392 1149 et
1417 1117 1538 1160 poenis,
1559 1127 1576 1149 a
1600 1117 1668 1150 iure
1692 1119 1738 1150 vel

997 1168 1035 1201 ab
1063 1169 1211 1209 bomine,
1243 1169 1353 1213 quavis
1377 1169 1543 1202 occasione
1571 1170 1618 1202 vel
1647 1172 1738 1204 causa

997 1221 1086 1261 latis,
1115 1221 1139 1254 si
1171 1222 1286 1265 quibus
1309 1222 1547 1266 quomodolibet
1575 1222 1740 1256 innodatus

996 1274 1112 1316 existit,
1130 1275 1168 1307 ad
1186 1274 1331 1308 effectum
1350 1275 1562 1318 praesentium
1581 1275 1741 1310 dumtaxat

995 1328 1270 1372 consequendum,
1298 1328 1411 1362 harum
1437 1329 1519 1361 serie
1542 1329 1738 1362 absolventes

995 1387 1024 1416 et
1048 1383 1227 1416 absolutum
1251 1384 1317 1416 sore
1342 1387 1522 1425 censentes,
1542 1383 1740 1427 supplicatio-

994 1436 1086 1469 nibus
1116 1436 1182 1469 eius
1207 1436 1334 1469 nomine
1358 1436 1450 1469 nobis
1474 1447 1570 1480 super
1595 1437 1655 1469 hoc
1681 1437 1737 1470 liu-

994 1489 1110 1522 militer
1135 1490 1291 1533 porrectis
1317 1489 1465 1527 inclinati,
1483 1500 1606 1523 necnon
1631 1492 1736 1523 conci-

994 1543 1024 1575 lii
1058 1543 1210 1586 praedicti
1248 1543 1381 1576 decretis
1421 1549 1451 1575 et
1489 1543 1736 1576 resolutionibus

993 1597 1247 1640 congregationis
1272 1597 1498 1630 venerabilium
1526 1597 1658 1629 fratrum
1684 1607 1735 1630 no-

992 1654 1130 1682 strorum
1156 1650 1185 1683 S.
1207 1651 1241 1683 R.
1260 1650 1292 1683 E.
1319 1649 1525 1683 cardinalium
1551 1650 1685 1693 negotiis
1706 1656 1733 1682 et

992 1704 1275 1737 consultationibus
1300 1704 1525 1748 episcoporum
1550 1710 1580 1737 et
1603 1706 1734 1747 regula-

991 1756 1072 1789 rium
1092 1758 1289 1801 praepositae
1307 1758 1337 1789 in
1363 1758 1519 1790 similibus
1544 1758 1667 1791 casibus
1684 1769 1734 1791 an-

990 1811 1080 1844 tehac
1098 1811 1249 1843 emanatis
1271 1811 1479 1853 inhaerentes,
1497 1812 1733 1845 commendata-

990 1863 1045 1896 riis
1064 1864 1234 1907 praedictis
1258 1874 1322 1897 non
1347 1865 1442 1898 licere
1462 1865 1585 1908 priores
1611 1871 1640 1897 et
1664 1865 1734 1897 sub-

989 1917 1112 1960 priores
1126 1922 1178 1950 aut
1193 1918 1342 1951 officiales
1364 1918 1545 1951 claustrales
1568 1918 1731 1951 instituere

987 1980 1023 2003 ac
1047 1970 1227 2012 destituere,
1241 1971 1367 2004 visitare
1393 1972 1574 2012 monachos,
1593 1972 1732 2005 eosdem-

986 2034 1047 2068 que
1072 2025 1243 2067 corrigere,
1269 2035 1326 2058 nec
1353 2025 1512 2058 Facultates
1538 2025 1612 2068 ipsis
1638 2037 1727 2059 com-

987 2077 1189 2110 mendatariis
1204 2078 1233 2110 in
1249 2078 1360 2111 litteris
1377 2079 1556 2122 apostolicis
1566 2089 1730 2111 concessas

986 2136 1015 2163 et
1032 2141 1206 2174 expressas,
1231 2136 1325 2175 prout
1342 2142 1447 2175 supra,
1464 2131 1501 2164 ad
1523 2142 1568 2171 ea,
1586 2142 1665 2175 quae
1684 2132 1729 2164 in-

985 2184 1127 2216 stitutum
1153 2185 1298 2227 regulare
1319 2190 1513 2218 concernunt
1534 2190 1563 2217 et
1586 2185 1726 2218 eiusdem

984 2237 1113 2270 Concilii
1134 2237 1307 2270 Tridentini
1329 2237 1533 2281 dispositione
1554 2237 1727 2270 monastico

967 2299 969 2305 ⁴
985 2290 1130 2333 regimini
1148 2291 1380 2334 relinquuntur,
1397 2291 1475 2323 trabi
1494 2301 1595 2334 posse,
1609 2295 1661 2324 aut
1677 2292 1728 2324 de-

984 2343 1068 2384 bere,
1091 2343 1263 2386 apostolica
1286 2345 1481 2385 auctoritate,
1502 2350 1611 2376 tenore
1636 2355 1726 2387 piae-

983 2397 1141 2437 senHum,
1173 2397 1370 2430 declaramus
1399 2409 1434 2430 ac
1467 2398 1667 2431 ‹lacernimus
1696 2404 1726 2431 et

983 2451 1158 2484 statuinms.

1027 2506 1041 2547 ,ξ
1065 2504 1094 2536 3.
1120 2504 1272 2543 Quocirca
1297 2504 1419 2536 dilectis
1444 2504 1515 2536 tiliis
1547 2505 1662 2538 nostris
1695 2511 1725 2538 et

981 2557 1179 2602 Apostolicac
1195 2556 1283 2592 Sedis
1301 2557 1434 2599 nunciis,
1450 2557 1513 2591 sive
1531 2558 1623 2591 etiam
1643 2558 1724 2592 loco-

1764 168 1811 192 Αιι.
1830 168 1855 192 (Ι.
1882 169 1946 194 1ιὶ57

1767 2511 1866 2533 llerernit
1878 2517 1923 2537 pro.

1740 2541 1760 2557 ut
1777 2544 1796 2558 in
1813 2539 1903 2560 rubrica.
