2185 3188
309 436 420 485 Quae
448 449 604 478 novum
634 434 824 477 ordinem
854 434 991 486 refert,
1027 448 1102 487 qao
1136 434 1404 487 chronoloyice
1438 437 1646 488 dispositae
1672 447 1763 481 sunt

354 516 590 569 Pontificio&
608 514 909 559 Constitutiones
929 516 973 558 in
985 515 1175 559 Edz'tione
1195 515 1453 563 Taurinensi,
1467 517 1653 559 collatam
1673 532 1763 561 cam

828 269 1240 338 TABULA

360 597 486 640 veteri
517 595 660 640 ordine
688 594 898 637 Romanae
924 594 1127 638 Editiom's
1155 594 1402 647 Hieronymi
1430 595 1654 639 Mainardi.

266 954 311 977 Edi
316 958 332 977 t.
354 955 424 977 Taur.

274 995 334 1017 Tom
339 1012 344 1017 .
363 1002 412 1017 xri.

267 1172 328 1194 1655

299 1221 311 1233 ))

306 1261 310 1272 i

298 1300 310 1312 Ὠ

299 1341 304 1353 )

300 1382 310 1393 ii

300 1421 312 1433 ))

301 1460 313 1473 i)

302 1500 313 1513 ii

303 1540 314 1552 ))

302 1618 313 1630 i)

301 1656 313 1670 )›

301 1698 312 1710 l)

301 1737 312 1749 i)

301 1775 313 1788 11

302 1815 313 1827 D

301 1855 312 1867 D

301 1896 312 1907 ))

301 1935 313 1949 n

302 1976 313 1988 Π

302 2018 313 2029 »

300 2097 312 2110 >2

300 2136 312 2148 ))

302 2176 312 2188 I)

301 2216 306 2228 i

301 2255 313 2267 ))

301 2295 313 2307 1)

302 2334 308 2346 >

302 2375 313 2386 N

303 2413 314 2425 ΥῚ

302 2452 313 2465 Β

302 2492 313 2505 )

302 2533 314 2546 ’

302 2572 314 2585 1

302 2612 314 2625 7)

790 954 855 977 Edit.
876 956 945 978 Rom*

718 994 787 1017 Toni.
799 1002 831 1021 vr,
842 997 905 1025 part.
917 1003 941 1018 iv
951 998 975 1018 et
986 1003 1008 1018 v,

504 1091 705 1114 ALEXANDER
722 1091 775 1114 VII.

549 1171 561 1193 I
577 1169 647 1194 Alias
660 1177 674 1193 a
685 1170 875 1194 venerabilibus
890 1190 894 1194 .
906 1189 910 1194 .
922 1190 941 1195 ..

537 1212 560 1234 Π
578 1210 731 1242 Unigenitus
748 1211 796 1235 Dei
814 1211 880 1235 filius
891 1231 895 1235 .
907 1231 911 1235 .
922 1231 942 1236 ..

525 1251 560 1273 111
576 1249 653 1278 Alias,
675 1258 732 1274 cum
750 1250 781 1274 ad
799 1258 872 1274 aures

528 1291 561 1314 IV
578 1291 678 1322 Exponi
695 1290 767 1314 nobis
787 1299 869 1322 nuper
882 1291 943 1315 fecit

538 1332 560 1354 V
577 1331 676 1362 Exponi
694 1331 766 1355 nobis
783 1339 866 1363 nuper
883 1331 943 1356 fecit

526 1372 560 1394 VI
577 1372 705 1395 Romanus
719 1371 844 1399 Pontifex,
860 1372 945 1403 gregis

519 1412 564 1434 vn
581 1412 668 1443 Nuper
685 1414 728 1434 tuo
746 1414 771 1435 et
793 1411 943 1435 dilectorum

507 1452 564 1474 VIII
580 1452 661 1474 Decet
677 1451 818 1474 Romanum
834 1451 927 1475 Pontif.
938 1471 943 1476 ,

526 1492 561 1514 IX
580 1492 641 1514 Cum
658 1493 685 1514 tu
702 1490 783 1514 felicis
804 1491 944 1516 recordat..

541 1531 563 1553 X
580 1530 617 1553 Ex
634 1530 741 1554 Romani
758 1530 897 1555 Pontificis.
908 1551 912 1555 .
923 1550 928 1555 .
939 1551 944 1555 .

532 1571 565 1593 XI
582 1570 701 1593 Pervenit
716 1569 748 1593 ad
760 1578 834 1593 aures
847 1573 945 1595 nostras

518 1610 563 1632 XII
581 1609 756 1633 Conscientiae
777 1609 945 1634 securitati...

508 1649 566 1671 XIII
583 1649 774 1671 Sacrosancturn
792 1647 947 1680 apostolatus

509 1688 565 1710 XIV
581 1687 680 1718 Exponi
694 1687 766 1711 nobis
779 1696 860 1719 nuper
870 1688 947 1712 fecer.

519 1727 564 1749 XV
581 1726 679 1757 Exponi
702 1727 774 1750 nobis
789 1735 871 1759 nuper
887 1728 948 1752 fecit

507 1766 564 1788 XVI
581 1766 668 1797 Nuper
684 1773 730 1797 pro
747 1770 819 1797 parte
832 1766 946 1792 dilector.

494 1806 565 1829 XVII
580 1805 715 1829 Emanavit
733 1814 816 1838 nuper
833 1814 847 1830 a
858 1815 946 1831 vener.

482 1846 562 1869 XVIII
579 1846 649 1870 Alitis
667 1850 818 1870 emanarunt
833 1855 847 1870 a
864 1847 945 1871 felicis

504 1887 561 1910 XIX
579 1886 711 1911 Primitiva
728 1886 770 1911 illa
784 1887 928 1912 Ecclesia..
938 1907 944 1913 .

516 1927 563 1950 XX
580 1927 715 1951 Emanavit
732 1935 814 1960 nuper
831 1936 846 1951 a
857 1936 945 1960 congr.

504 1967 563 1990 XXI
579 1966 664 1991 Posito
682 1967 784 1991 decreto
807 1967 913 1992 felicis..
924 1987 944 1992 ..

495 2008 565 2030 XXII
581 2008 667 2039 Nuper
683 2015 729 2039 pro
746 2010 817 2039 parte
831 2007 945 2032 dilector.

480 2049 563 2071 XXIII
579 2049 666 2080 Nuper
682 2057 728 2080 pro
745 2052 817 2080 parte
830 2049 945 2074 dilector.

480 2089 563 2111 XXIV
580 2089 649 2115 Cum,
669 2087 735 2112 sicut
752 2089 898 2120 accepimus
909 2108 913 2113 .
924 2108 929 2113 .
940 2109 945 2113 .

491 2128 561 2151 XXV
578 2128 614 2151 Ex
632 2128 738 2152 Romani
756 2128 898 2152 pontificis.
909 2148 914 2153 .
925 2148 929 2153 .
941 2148 945 2153 .

482 2167 564 2191 XXVI
581 2167 633 2191 Piis
651 2167 855 2192 christifidelium
871 2169 946 2193 votis.

470 2208 563 2230 XXVII
580 2208 667 2239 Nuper
683 2216 729 2239 pro
745 2211 816 2240 parte
830 2208 946 2233 dilecti..

458 2247 563 2270 XXVIII
580 2247 725 2279 Cupientes,
746 2250 773 2271 ut
790 2248 816 2271 in
838 2252 946 2272 monast.

481 2287 562 2310 XXIX
579 2287 678 2318 Exponi
692 2287 764 2311 nobis
777 2296 859 2320 nuper
869 2289 946 2313 fecer.

493 2327 564 2350 XXX
581 2327 770 2360 Circumspecta
786 2329 858 2352 Rom.
872 2330 946 2353 Pont.

482 2367 564 2390 XXXI
581 2367 688 2399 Superni
706 2368 874 2400 dispositione
878 2387 946 2393 .....

472 2406 563 2429 XXXII
580 2407 649 2431 Alias
667 2408 795 2432 emanavit
812 2417 826 2432 a
849 2408 930 2433 felicis
942 2427 947 2432 ,

459 2446 565 2469 XXXIII
581 2448 679 2479 Exponi
692 2449 764 2473 nobis
775 2458 856 2482 nuper
869 2451 945 2475 fecer.

458 2486 564 2510 XXXIV
580 2488 676 2519 Exponi
689 2489 762 2514 nobis
780 2498 861 2522 nuper
869 2491 946 2516 fecer.

470 2527 563 2550 XXXV
579 2528 676 2559 Exponi
689 2529 762 2554 nobis
779 2538 861 2563 nuper
869 2531 946 2556 fecer.

457 2567 562 2590 XXXVI
580 2568 676 2599 Exponi
690 2570 762 2594 nobis
775 2579 857 2603 nuper
868 2572 925 2596 feeit
938 2591 944 2598 .

446 2606 563 2631 XXXVII
579 2608 617 2632 Ex
634 2610 767 2634 commissa
786 2611 858 2636 nobis
876 2620 898 2636 a.
909 2632 913 2637 .
925 2632 945 2637 ..

997 1173 1013 1476 OEdmtsssswwbd

1063 954 1126 977 Edit.
1147 954 1220 977 Taur.

1073 996 1141 1017 Toni.
1162 1002 1212 1017 xvi,

1064 1053 1124 1076 1655

1096 1101 1106 1114 2

1094 1141 1105 1154 θ

1098 1422 1109 1435 ))

1587 952 1652 976 Edit.
1673 954 1744 976 Rom.

1513 993 1581 1016 Toni.
1595 1001 1627 1020 vi,
1640 995 1702 1024 part.
1715 1001 1739 1016 iv
1749 996 1774 1017 ct
1783 1002 1806 1017 τ.

1227 1051 1358 1074 XXXVIII
1376 1051 1456 1074 Decet
1472 1051 1606 1074 Romanun
1625 1050 1740 1075 Pontific.

1250 1092 1357 1114 XXXIX
1376 1092 1444 1117 Cum.
1465 1090 1531 1114 sicut
1549 1090 1694 1123 accepimus
1705 1110 1710 1115 .
1720 1110 1725 1116 .
1736 1110 1741 1115 .

1314 1131 1358 1154 XL
1375 1131 1444 1159 Cum,
1460 1130 1525 1154 sicut
1541 1130 1694 1155 venerabilis
1705 1150 1709 1154 .
1719 1150 1740 1156 ..

1302 1172 1357 1194 XLI
1375 1172 1443 1194 Tuae
1454 1170 1479 1194 in
1488 1178 1534 1194 nos
1543 1173 1568 1194 et
1575 1170 1748 1202 Apostolicam

1290 1211 1357 1234 XLI]
1375 1211 1443 1239 Cum,
1464 1210 1529 1234 sicut
1546 1219 1597 1234 non
1615 1210 1669 1235 sine
1674 1229 1742 1236 .....

1279 1252 1358 1274 XLIII
1375 1252 1462 1282 Nuper
1478 1254 1522 1274 tuo
1539 1254 1565 1274 et
1582 1251 1742 1276 dilectorum.

1282 1291 1358 1314 XLIV
1376 1290 1475 1322 Exponi
1492 1290 1566 1315 nobis
1583 1299 1665 1323 nuper
1682 1291 1742 1316 fecit

1292 1332 1359 1355 XLV
1377 1331 1454 1355 Grata
1470 1331 1647 1355 familiaritatis
1659 1350 1741 1356 ......

1280 1372 1360 1395 XLVI
1376 1371 1475 1403 Exponi
1492 1371 1566 1395 nobis
1583 1379 1665 1403 nuper
1682 1371 1742 1396 fecit

1269 1413 1361 1435 XLVII
1377 1412 1504 1436 Creditam
1521 1412 1594 1436 nobis
1612 1412 1743 1437 divinitus.

1260 1453 1362 1475 XLVIII
1379 1453 1473 1483 Nuper„
1493 1451 1569 1476 certis
1586 1459 1617 1476 ex
1634 1452 1726 1476 causis.
1737 1471 1742 1476 .

1282 1492 1361 1515 XLIX
1378 1492 1497 1523 Spectata
1513 1494 1598 1515 vestra
1615 1491 1641 1515 in
1658 1492 1743 1516 rebus.

1341 1533 1360 1555 L
1378 1533 1411 1555 Ut
1428 1539 1590 1564 quacumque
1602 1533 1745 1564 opportuna

1328 1573 1359 1595 LI
1376 1572 1516 1604 Singularis
1534 1571 1683 1596 dilectorum
1691 1592 1696 1596 .
1706 1592 1711 1596 .
1722 1592 1727 1596 .
1738 1591 1743 1597 .

1317 1613 1360 1635 LII
1377 1613 1406 1635 In
1423 1612 1547 1636 eminenti
1564 1612 1637 1636 Sedis
1644 1631 1743 1637 .......

1308 1653 1362 1675 Lm
1379 1653 1448 1676 Inter
1460 1652 1622 1683 gravissimas
1634 1653 1743 1685 multipl.

1309 1693 1363 1715 LIV
1381 1693 1442 1716 Cum
1460 1692 1591 1715 carissima
1608 1692 1633 1716 in
1646 1693 1744 1716 Christo

1320 1732 1362 1755 LV
1379 1731 1479 1763 Exponi
1496 1731 1569 1755 nobis
1587 1740 1669 1763 nuper
1685 1732 1745 1756 fecit

1307 1772 1361 1794 LVI
1378 1772 1426 1794 Pro
1445 1771 1578 1802 pastoralis
1590 1771 1667 1795 officii
1675 1790 1743 1796 .....

1297 1811 1363 1834 LVII
1380 1811 1522 1834 Romanum
1541 1811 1615 1835 decet
1627 1812 1744 1836 Pontific.

1284 1852 1362 1875 LVIII
1379 1852 1448 1879 Cum.
1469 1851 1535 1875 sicut
1547 1852 1693 1884 accepimus
1707 1872 1712 1877 .
1722 1871 1742 1877 ..

1307 1891 1362 1914 LIX
1379 1891 1521 1923 Singularis
1532 1891 1671 1916 maiestatis
1684 1895 1743 1917 tuae

1316 1931 1360 1954 LX
1378 1931 1506 1963 Spirituali
1524 1932 1697 1957 consolatione
1707 1952 1712 1957 .
1722 1952 1728 1957 .
1738 1952 1743 1958 .

1304 1972 1361 1995 LXI
1376 1971 1476 1995 Eximia
1492 1971 1632 1997 maiestatis
1649 1976 1708 1997 tuae
1722 1992 1727 1998 .
1738 1992 1743 1998 .

1294 2013 1361 2035 LXII
1378 2013 1445 2040 Cum,
1467 2012 1533 2036 sicut
1549 2013 1695 2046 accepimus
1707 2033 1711 2038 .
1722 2033 1726 2038 .
1737 2032 1743 2038 .

1282 2053 1361 2076 LXIII
1379 2053 1411 2075 Ut
1427 2052 1558 2076 carissima
1575 2053 1601 2076 in
1620 2053 1727 2078 Christo.
1738 2073 1743 2078 .

1282 2094 1360 2116 LXIV
1376 2092 1475 2116 Eximia
1491 2093 1632 2117 maiestatis
1644 2096 1743 2118 tuae...

1294 2134 1361 2157 LXV
1378 2133 1519 2165 Singularis
1531 2133 1671 2158 maiestatis
1686 2137 1744 2159 tuae

1284 2173 1362 2196 LXVI
1380 2172 1547 2197 Commissum
1565 2173 1638 2197 nobis
1659 2174 1743 2199 Eccl..

1272 2213 1363 2236 LXVII
1380 2213 1479 2240 Quanto
1496 2213 1585 2237 maiori
1603 2213 1680 2237 animi
1692 2233 1697 2238 .
1708 2233 1713 2238 .
1723 2232 1729 2239 .
1739 2234 1744 2238 .

1261 2254 1363 2276 LXVIII
1380 2253 1504 2280 Quoniam
1522 2253 1548 2277 in
1565 2254 1745 2286 prosequendo

1284 2294 1363 2316 LXIX
1381 2294 1450 2321 Cum,
1465 2301 1511 2325 pro
1529 2295 1743 2326 componendiS..

1295 2334 1363 2357 LXX
1382 2334 1450 2361 Cum¹
1472 2334 1537 2358 sicut
1554 2342 1605 2358 non
1623 2335 1677 2359 sino
1739 2354 1744 2360 .

1284 2375 1364 2397 LXXI
1382 2375 1443 2398 Cum
1461 2382 1506 2398 nos
1524 2374 1645 2399 dilectum
1664 2375 1744 2400 filium

1271 2416 1362 2439 LXXII
1380 2416 1441 2439 Cum
1458 2416 1484 2440 in
1501 2417 1621 2448 pastorali
1634 2418 1743 2444 visitat..

1260 2455 1363 2479 LXXIII
1380 2457 1481 2485 Rerum,
1502 2465 1567 2489 quae
1580 2458 1653 2482 nobis
1665 2459 1743 2483 cordi.

1255 2496 1359 2519 LXXIV
1376 2497 1413 2520 De
1430 2496 1552 2527 singulari
1571 2499 1613 2521 tua
1630 2498 1680 2523 fide
1699 2502 1742 2524 et.

1266 2536 1359 2559 LXXV
1376 2536 1477 2560 Dudum
1490 2536 1572 2561 felicis
1584 2538 1725 2563 recordat..
1735 2558 1740 2563 .

1257 2576 1359 2599 LXXVI
1376 2576 1489 2600 Innotuit
1506 2585 1588 2609 nuper
1605 2577 1677 2602 nobis
1689 2597 1694 2602 .

1244 2616 1360 2642 LXXVII
1377 2616 1445 2645 Cum.
1468 2617 1534 2642 sicut
1550 2626 1601 2642 non
1618 2618 1673 2643 sine
1687 2638 1692 2642 .
1703 2638 1708 2642 .
1719 2638 1739 2643 ..

1780 1053 1809 1075 37

1781 1093 1811 1115 38

1780 1133 1810 1155 39

1780 1172 1810 1194 40

1781 1213 1809 1235 41

1781 1253 1811 1275 42

1780 1293 1810 1316 43

1781 1333 1811 1356 44

1781 1374 1811 1396 45

1782 1414 1812 1437 46

1781 1454 1812 1476 -17

1782 1494 1812 1515 48

1783 1533 1812 1556 50

1782 1574 1810 1596 51

1783 1614 1813 1637 52

1783 1654 1813 1678 53

1782 1694 1812 1717 54

1783 1734 1813 1757 55

1783 1774 1813 1797 56

1783 1814 1813 1836 57

1783 1854 1813 1877 58

1783 1894 1813 1917 59

1783 1935 1813 1958 60

1783 1975 1811 1998 61

1783 2015 1813 2038 62

1783 2056 1812 2079 63

1783 2096 1812 2118 64

1783 2136 1813 2159 65

1783 2175 1813 2198 66

1784 2216 1813 2238 67

1783 2256 1812 2279 77

1783 2296 1813 2319 68

1783 2336 1813 2360 69

1783 2378 1813 2401 89

1783 2420 1813 2444 70

1782 2461 1810 2484 71

1782 2501 1812 2524 72

1781 2540 1811 2563 73

1780 2580 1810 2602 74

1780 2620 1810 2643 88
