2243 3205
277 228 323 254 Λη.
341 228 369 254 Γ..
394 226 461 254 1660

289 1608 451 1629 contravenien-

269 1636 320 1656 tium
335 1641 425 1662 poenae.

295 2188 405 2209 Clausulas
415 2194 451 2215 ap-

269 2218 336 2241 ponii.

552 217 567 238 a

506 217 568 250 572

472 275 664 318 applicamus
690 279 718 306 et
743 274 975 318 appopriamus.
1009 275 1153 308 Volentes
1179 280 1208 308 et

472 327 610 359 districte
636 327 862 370 praecipientes
886 332 919 359 ut
943 327 1089 360 dimidiae
1118 337 1208 360 anna-

474 384 519 411 tae
545 379 734 418 huiusmodi,
759 379 797 411 ab
823 380 904 419 illis,
929 380 981 423 qui
1007 381 1206 413 canonicatus

472 437 501 463 et
525 432 718 475 praebendas
742 432 789 464 vel
815 432 1016 465 beneficiatus
1041 438 1093 465 aut
1118 432 1207 465 cleri-

471 489 556 516 catus
580 484 755 527 praedictos
782 485 954 528 respective
980 496 1039 529 pro
1064 491 1205 528 tempore

470 538 731 581 quandocumque
747 538 941 579 obtinebunt,
966 539 1204 582 persolvendae,

470 596 500 622 et
524 591 658 623 fabricae
675 591 720 623 vel
747 591 905 624 sacristiae
922 592 1109 635 praedictae,
1128 592 1206 624 sicut

470 644 690 686 praemittitur,
712 644 895 688 applicatae,
921 646 981 677 una
1007 655 1076 677 cum
1102 645 1203 676 annua

470 699 625 740 perpetua
650 697 797 740 pensione
818 697 1024 730 ducentorum
1044 702 1204 729 scutorum

469 760 486 781 a
511 754 684 783 memorato
709 750 865 783 Clemente
889 750 1131 794 praedecessore
1156 760 1206 782 su-

468 812 525 845 per
550 803 749 835 canonicatus
778 809 807 835 et
831 801 1041 846 praebendas¹
1067 802 1205 835 eiusdem

470 855 638 897 ecclesiae,
664 866 742 899 quos
778 856 909 888 dilectus
943 856 1025 887 filius
1059 855 1206 898 Virgilius

470 908 650 940 Panzirolus
667 909 704 940 ad
729 919 877 952 praesens
891 908 1020 948 obtinet,
1041 908 1205 948 fructibus,

469 960 652 1001 redditibus,
676 962 899 1004 proventibus,
932 961 1205 994 distributionibus

469 1017 499 1044 et
523 1014 742 1046 emolumentis
766 1014 921 1046 universis
939 1013 1094 1056 imposita,
1111 1024 1205 1057 penes

468 1065 692 1108 depositarium
717 1076 775 1109 pro
801 1072 942 1110 tempore
960 1067 1140 1099 existentem
1160 1077 1206 1099 ca-

468 1118 559 1161 pituli
583 1124 613 1150 et
637 1119 861 1151 canonicorum
891 1119 1125 1162 praedictorum
1152 1119 1203 1152 de-

467 1177 634 1214 ponantur,
670 1172 793 1205 nonnisi
829 1182 887 1216 pro
923 1172 1020 1215 ipsius
1056 1173 1204 1205 ecclesiae

468 1225 700 1258 manutentione
733 1229 762 1258 et
793 1225 1042 1265 restauratione,
1070 1224 1128 1258 ne²
1157 1226 1203 1258 vel

468 1276 498 1308 in
523 1277 704 1320 parandam,
730 1277 809 1310 sicut
833 1277 1058 1320 praemittitur,
1084 1288 1203 1310 sacram

467 1330 712 1373 suppellectilem
738 1330 985 1373 impendendae:
1020 1330 1058 1363 de
1091 1331 1204 1374 quibus

467 1382 624 1415 fabricerii
649 1383 780 1425 singulis
815 1383 902 1415 annis
927 1389 1065 1416 exactam
1102 1384 1200 1417 ratio-

466 1446 537 1468 nem
564 1437 716 1476 reddere,
741 1441 791 1477 et,
817 1437 841 1468 si
867 1437 942 1480 quid
968 1437 1143 1480 supererit,
1168 1438 1204 1470 il-

466 1488 520 1520 lud
545 1489 575 1520 in
601 1489 791 1532 emptionem
817 1493 861 1522 tot
885 1490 1026 1522 locorum
1049 1490 1202 1522 montium

468 1552 610 1575 camerae
637 1553 700 1575 non
719 1543 904 1576 vacabilium
931 1543 968 1575 ad
994 1543 1138 1576 eumdem
1160 1544 1202 1576 ef-

466 1595 580 1628 fectum
605 1595 752 1629 investire
770 1601 950 1635 tencantur;
976 1597 1097 1629 sublata
1118 1597 1203 1629 omni

466 1648 611 1681 facultate
635 1649 773 1692 capitulo
792 1654 822 1681 et
847 1649 1004 1681 canonicis
1025 1650 1202 1693 praedictis,

466 1711 640 1745 eorumque
663 1702 854 1746 depositario
879 1707 908 1735 et
933 1703 1140 1743 exactoribus,
1165 1704 1203 1736 de

466 1755 526 1787 illis
550 1756 640 1788 aliter
660 1755 855 1799 disponendi,
873 1756 930 1788 sub
947 1757 1048 1799 poena
1066 1756 1203 1799 capitulo

466 1809 699 1842 contrafacienti
715 1809 853 1842 solvendi
868 1809 998 1853 duplum
1011 1809 1049 1842 de
1063 1810 1202 1853 proprio,

466 1862 549 1904 quod
579 1862 714 1895 fabricae
747 1862 794 1894 vel
831 1862 991 1895 sacristiae
1025 1863 1203 1905 praedictae

466 1916 653 1958 applicatum
679 1919 842 1949 censeatur
867 1915 934 1958 ipso
952 1916 1045 1955 facto;
1071 1915 1202 1948 fabrice-

465 1968 520 2000 riis
537 1979 622 2009 vero,
639 1969 721 2001 ultra
737 1979 870 2012 poenam
888 1968 1092 2012 praedictam,
1110 1969 1202 2001 etiam

466 2021 798 2054 excommunicationis
824 2031 860 2054 eo
892 2021 960 2064 ipso
996 2021 1202 2054 incurrendae

466 2075 490 2106 si
517 2085 606 2107 secus
626 2074 792 2118 disponere
804 2080 857 2107 aut
876 2075 966 2107 aliter
979 2075 1100 2108 solvere
1117 2086 1203 2119 prae-

466 2127 667 2171 sumpserint.

510 2182 524 2224 §
549 2181 578 2214 3.
597 2181 638 2213 Ac
658 2181 861 2213 decernentes
883 2180 1007 2213 easdem
1024 2185 1203 2224 praesentes

467 2234 595 2274 litteras,
625 2237 654 2267 et
678 2234 709 2266 in
734 2233 777 2266 eis
802 2237 944 2267 contenta
969 2244 1202 2277 quaecumque,

467 2288 559 2320 etiam
573 2298 609 2320 ex
623 2298 659 2320 eo
673 2287 756 2331 quod
770 2287 942 2330 capitulum
956 2292 986 2319 et
1002 2287 1154 2327 canonici,
1167 2297 1203 2320 ac

467 2341 562 2373 ceteri
586 2340 748 2384 praedicti,
769 2340 860 2372 aliive
884 2341 1084 2384 quicumque,
1110 2341 1202 2372 etiam

467 2393 593 2436 speciali
608 2397 637 2427 et
653 2393 810 2426 individua
823 2393 982 2426 mentione
995 2393 1093 2436 digni,
1109 2393 1202 2425 etiam

502 2483 513 2506 1
537 2480 636 2508 Forsan
651 2481 793 2516 legendum
807 2481 988 2516 praebendae
1004 2489 1052 2516 pro
1063 2480 1203 2515 praeben-

467 2525 519 2551 das
540 2526 575 2560 (n.
591 2527 640 2561 T.).

501 2569 517 2595 2
537 2570 638 2597 Vocula
651 2579 686 2597 ne
705 2579 815 2606 prorsus
829 2570 963 2599 redundat
978 2574 1005 2598 et.
1017 2578 1125 2599 sensum
1140 2578 1203 2599 con-

467 2614 556 2642 fundit
575 2616 611 2651 (a.
627 2615 674 2649 τ.).

1058 227 1234 251 BULLARIUM
1260 225 1411 250 ROMANUM

1242 273 1450 306 cardinalatus
1482 277 1534 306 aut
1558 273 1617 307 alia
1650 282 1845 317 quacumque
1869 272 1972 316 digni-

1243 330 1322 367 tate,
1356 319 1575 369 praerogativa
1609 326 1655 358 vel
1690 325 1810 358 bonore
1841 325 1973 370 praediti

1241 389 1294 411 seu
1320 379 1484 421 fulgentes,
1502 379 1531 411 in
1552 378 1731 422 praemissis
1756 378 1904 411 interesse
1923 378 1975 411 ha-

1241 431 1358 471 bentes,
1373 442 1427 464 seu
1452 432 1567 464 babere
1584 431 1820 475 quomodolibet
1835 436 1975 474 praeten-

1240 484 1357 524 dentes,
1383 485 1442 517 illis
1466 495 1529 517 non
1553 484 1777 525 consenserint,
1801 489 1854 516 aut
1877 483 1915 516 ad
1939 493 1975 516 ea

1241 538 1350 578 vocati,
1375 543 1444 578 etc.,
1469 548 1522 570 seu
1549 548 1670 578 causae,
1688 542 1817 581 propter
1838 547 1914 581 quas
1931 536 1976 580 ip-

1241 601 1291 624 sae
1311 596 1491 634 praesentes
1508 595 1702 631 emanarunt‚
1720 590 1881 631 adductae,
1898 590 1976 623 veri-

1240 644 1358 686 ticatae,
1379 649 1432 676 aut
1449 644 1632 677 iustificatae
1649 644 1824 677 nullatenus
1841 648 1893 676 aut
1911 653 1974 676 non

1240 697 1431 730 sufficienter
1455 697 1580 737 fuerint,
1601 708 1656 730 seu
1681 707 1717 729 ex
1742 696 1801 729 alia
1825 707 1975 740 quacum-

1239 760 1299 793 que
1324 751 1522 793 quantumvis
1548 750 1626 782 iusta
1645 755 1674 783 et
1694 749 1889 793 privilegiata
1906 759 1975 782 cau-

1240 804 1282 840 sa,
1307 808 1375 843 etc.,
1400 803 1492 836 etiam
1515 803 1663 843 enormis,
1688 802 1925 835 enormissimae
1945 807 1976 835 et

1240 856 1342 888 totalis
1367 856 1534 896 laesionis,
1559 856 1645 889 nullo
1669 865 1808 899 unquam
1832 860 1975 899 tempore

1239 908 1277 941 de
1301 909 1511 952 subreptionis
1536 909 1583 941 vel
1608 908 1803 953 obreptionis
1827 913 1881 941 aut
1908 909 1976 942 nul-

1239 961 1332 993 litatis
1352 961 1436 1002 vitio,
1451 967 1519 1001 etc.,
1534 962 1581 994 vel
1599 962 1733 995 aliorum
1754 971 1975 1005 quorumcum-

1239 1024 1307 1057 que,
1326 1013 1442 1047 aliave¹
1460 1015 1600 1058 quolibet
1625 1015 1824 1058 quantumvis
1849 1024 1974 1057 magno,

1239 1067 1435 1099 substantiali
1461 1073 1490 1100 ct
1515 1067 1706 1100 individuam
1740 1067 1973 1111 expressionem

1239 1120 1418 1163 requirente
1452 1120 1595 1161 defectu,
1618 1120 1720 1154 notari
1730 1121 1744 1161 ',
1770 1120 1973 1164 impugnari,

1239 1176 1306 1212 etc.,
1332 1173 1369 1205 ad
1395 1173 1474 1205 viam
1501 1184 1554 1206 scu
1580 1174 1730 1207 terminos
1756 1173 1832 1206 iuris
1852 1173 1972 1213 reduci,

1238 1231 1290 1258 aut
1314 1226 1462 1259 adversus
1488 1227 1554 1259 illas
1571 1226 1754 1271 aperitionis
1778 1226 1859 1268 oris,
1884 1226 1975 1259 resti-

1239 1279 1365 1312 tutionis
1390 1280 1420 1312 in
1441 1281 1608 1323 integrum,
1629 1285 1681 1313 aut
1698 1280 1780 1312 aliud
1805 1279 1975 1323 quodcum-

1238 1343 1298 1375 que
1324 1333 1410 1375 iuris,
1437 1334 1507 1367 facti
1525 1334 1570 1366 vel
1593 1334 1711 1376 gratiae
1729 1333 1901 1366 remedium
1919 1333 1976 1365 im-

1238 1386 1366 1427 petrari,
1385 1392 1437 1419 aut
1462 1387 1638 1430 impetrato,
1656 1391 1724 1426 etc.,
1742 1387 1921 1430 quempiam
1942 1385 1975 1418 in

1239 1437 1352 1471 iudicio
1377 1439 1424 1471 vel
1449 1444 1537 1471 extra
1562 1439 1637 1471 illud
1660 1439 1702 1471 uti
1731 1449 1784 1472 seu
1810 1448 1843 1471 se
1867 1438 1974 1471 iuvare

1238 1500 1340 1532 posse,
1364 1501 1466 1534 neque
1491 1491 1615 1524 easdem
1639 1496 1819 1534 praesentes
1834 1490 1891 1524 sub
1908 1490 1976 1534 qui-

1237 1542 1342 1575 busvis
1366 1543 1516 1576 similium
1543 1545 1589 1576 vel
1618 1544 1818 1578 dissimilium
1850 1544 1974 1577 invoca-

1238 1596 1357 1628 tionum
1368 1595 1389 1637 2,
1415 1602 1483 1637 etc.,
1502 1598 1632 1640 aliisque
1652 1597 1817 1631 contrariis
1841 1597 1975 1641 disposi-

1238 1649 1394 1690 tionibus,
1420 1650 1444 1682 si
1470 1661 1546 1693 quas
1581 1651 1672 1683 etiam
1697 1661 1753 1694 per
1777 1661 1834 1683 nos
1858 1656 1888 1683 et
1911 1651 1973 1684 Ro·
1993 1682 2004 1691 ,

1238 1713 1346 1736 manos
1371 1703 1536 1736 Pontifices
1557 1714 1753 1736 successores
1773 1709 1897 1737 nostros
1924 1703 1974 1737 Se-

1237 1755 1370 1798 demque
1395 1756 1700 1798 praedictam,etiam
1726 1767 1783 1800 per
1807 1756 1886 1789 viam
1904 1767 1976 1790 con-

1237 1808 1405 1841 stitutionis
1429 1814 1482 1841 aut
1506 1809 1713 1842 ordinationis
1734 1809 1890 1851 generalis
1926 1810 1974 1843 vel

1237 1861 1379 1904 specialis
1405 1866 1457 1893 aut
1486 1862 1612 1904 regulae
1631 1862 1834 1894 cancellariae
1850 1867 1976 1905 aposto-

1237 1914 1335 1954 licae,
1361 1918 1390 1946 et
1414 1914 1488 1946 alias
1513 1914 1749 1957 quomodolibet
1781 1914 1850 1947 fieri
1874 1914 1974 1948 conti-

1237 1967 1327 2009 gerit,
1341 1977 1478 2010 unquam
1496 1967 1731 2011 comprehendi,
1743 1972 1811 2007 etc.,
1826 1967 1880 2000 sed
1897 1978 1975 2000 sem-

1236 2031 1292 2063 per
1315 2020 1353 2052 ab
1378 2021 1437 2054 illis
1456 2026 1609 2064 exceptas,
1624 2025 1654 2053 et
1672 2021 1793 2063 quoties
1810 2021 1879 2054 illae
1893 2031 1975 2054 erna-

1236 2072 1375 2113 nabunt,
1401 2073 1490 2106 toties
1515 2073 1546 2105 in
1570 2073 1736 2116 pristinum
1762 2078 1792 2106 et
1821 2073 1975 2106 validissi-

1238 2136 1323 2158 mum
1348 2131 1460 2159 statum
1487 2132 1517 2159 et
1541 2126 1640 2159 robur
1664 2126 1832 2166 restitutas,
1856 2131 1925 2168 etc.,
1946 2136 1975 2159 e-

1236 2178 1315 2211 ditas
1340 2188 1406 2211 esse
1428 2179 1558 2219 censeri,
1583 2178 1762 2222 firmasque,
1787 2182 1856 2221 etc.,
1873 2178 1973 2212 invio-

1236 2231 1370 2266 labiliter
1388 2232 1558 2272 observari,
1575 2232 1681 2275 sicque
1702 2237 1731 2264 et
1755 2242 1818 2266 non
1835 2231 1924 2265 aliter
1941 2231 1974 2265 in

1236 2285 1415 2328 praemissis
1440 2295 1497 2328 per
1521 2295 1737 2328 quoscumque
1762 2285 1890 2327 iudices,
1904 2289 1973 2326 etc.,

1236 2337 1360 2370 definiri
1380 2337 1504 2378 debere,
1518 2348 1554 2371 ac
1578 2338 1701 2370 irritum
1719 2342 1748 2370 et
1767 2338 1868 2379 inane,
1886 2338 1910 2371 si
1928 2347 1973 2371 se-

1236 2402 1301 2432 cus,
1318 2396 1386 2431 etc.,
1405 2391 1571 2434 contigerit
1588 2391 1742 2424 attentari.

1280 2443 1344 2487 §le
1369 2444 1436 2478 Non
1461 2444 1656 2478 obstantibus
1683 2444 1800 2478 nostris
1825 2444 1856 2477 in
1877 2443 1971 2477 simili

1235 2498 1337 2532 forma
1360 2498 1466 2531 Brevis
1482 2498 1532 2531 die
1548 2508 1625 2532 xv111
1650 2497 1826 2532 decembris
1842 2505 1971 2531 MDCLvn

1272 2571 1283 2597 1
1305 2569 1377 2604 Lege
1395 2568 1483 2605 potius
1502 2570 1593 2597 aliove
1612 2570 1650 2604 (a.
1670 2568 1718 2604 τ.).

1270 2613 1286 2641 2
1295 2613 1411 2649 Legend.
1420 2614 1598 2642 revocatione
1606 2613 1647 2641 vel
1655 2612 1886 2642 revocationibus
1892 2612 1970 2648 (uxr).

2171 38 2180 44 *
2202 0 2208 102 l

2206 157 2207 192 1
2241 158 2243 161 .

1990 224 2039 250 An.
2058 222 2086 249 c.
2103 221 2170 250 1660
2204 206 2207 256 l
2232 226 2243 251 i

1987 2449 2096 2471 Contraria
2107 2448 2170 2471 tollit.
2215 2447 2225 2478 ψ
