2263 3215
295 244 342 273 (tn.
360 246 388 274 C.
411 247 478 274 1655

363 1426 479 1452 1·1··vilt·g=is

294 1452 388 1499 gaudere
405 1453 477 1474 decer·

325 2594 414 2615 Eosdem
426 2600 437 2614 a
448 2600 482 2614 so-

299 2621 377 2651 latione
396 2626 482 2643 oncrum

299 2649 377 2670 eximit.

523 238 564 271 78

493 296 619 329 stolicae
646 301 675 328 et
700 295 865 329 comitibus
890 295 1034 339 palatinis
1055 302 1231 340 praetensa,

493 349 534 381 ita
552 354 584 381 ut
609 348 668 380 illis
686 349 934 392 supranominati
952 350 1127 393 cappellani
1148 350 1232 382 sami-

493 401 585 434 liares
610 402 708 434 nostri
733 402 841 440 nullibi
868 403 911 435 uti
937 403 1073 445 valeant,
1099 413 1134 436 ac
1160 403 1231 435 irri-

494 459 558 487 tum
584 460 612 487 et
638 455 728 488 inane
753 455 872 496 existat,
897 456 921 488 si
947 466 1036 489 secus
1061 466 1157 499 super
1183 456 1231 489 his

493 518 509 540 a
522 519 693 552 quoquam,
703 510 811 552 quavis
823 509 1018 550 auctoritate,
1036 510 1169 542 scienter
1185 510 1230 541 vel

492 561 685 604 ignoranter,
702 563 872 606 contigerit
896 563 1067 606 attentari),
1092 563 1154 603 uti,
1176 574 1231 606 po-

494 615 543 647 tiri
570 621 599 648 et
618 616 766 658 gaudere,
784 627 818 650 ac
837 617 867 649 in
885 617 1031 650 omnibus
1049 621 1077 648 et
1100 615 1230 657 singulis

493 669 684 712 apostolicis,
709 669 839 713 aliisque
864 670 989 710 litteris,
1015 668 1230 701 instrumentis

493 727 523 753 et
547 722 711 766 scripturis
735 724 869 767 puhlicis
891 729 919 756 ct
936 723 1064 767 privatis
1081 722 1229 765 deinceps

494 785 602 808 eorum
629 776 754 809 nomine
779 776 981 810 conficiendis
999 786 1065 808 sese
1082 775 1228 816 notarios,

494 830 624 862 comites
650 835 679 863 et
702 830 846 871 nobiles,
871 841 905 863 ac
930 830 967 862 de
992 829 1089 861 nobili
1114 838 1230 871 genere

494 892 529 914 ex
555 886 688 926 utroque
721 889 848 927 parente
880 887 1083 926 procreatos,
1108 891 1229 914 necnon

494 935 651 969 Romanae
676 940 705 970 et
729 936 861 969 aliarum
887 936 1045 969 civitatum
1072 934 1171 976 cives,
1197 938 1230 968 ut

494 988 629 1029 libuerit,
655 989 826 1022 inscribere
845 994 874 1022 et
895 999 925 1021 se
950 988 1010 1021 illis
1030 988 1229 1021 subscribere

493 1041 624 1082 valcant,
648 1052 683 1074 ae
707 1053 765 1085 pro
790 1042 871 1074 veris
895 1047 924 1074 et
949 1050 1010 1073 non
1035 1040 1115 1073 fietis
1139 1046 1228 1073 nota-

493 1095 564 1136 riis,
589 1095 756 1128 comitibus
791 1101 820 1128 et
850 1094 1009 1128 nobilibus
1042 1104 1077 1127 ac
1110 1094 1229 1127 civibus

493 1149 688 1189 habeantur,
713 1149 875 1192 nihilque,
900 1148 1128 1192 qualecumque
1152 1147 1229 1180 illud

493 1202 599 1242 suerit,
625 1213 695 1235 cum
721 1203 758 1235 iis
782 1201 1040 1246 expressionibus
1064 1201 1225 1245 subrepti·

494 1256 580 1298 tium,
605 1256 818 1300 obreptitium,
843 1261 896 1288 aut
921 1255 1103 1297 invalidum,
1128 1255 1182 1287 sed
1198 1255 1230 1287 il-

493 1309 545 1342 lud
570 1310 651 1343 idem
669 1310 776 1343 efficax
794 1310 825 1342 in
841 1309 988 1342 omnibus
1006 1314 1035 1342 et
1053 1320 1110 1352 per
1124 1309 1230 1343 omnia

493 1367 666 1397 censeatur.

537 1416 551 1460 ἓ
574 1415 603 1449 3.
629 1416 665 1448 Et
689 1416 815 1460 insuper
841 1416 921 1456 illos,
942 1426 1118 1460 eorumque
1139 1415 1229 1448 bene-

492 1468 562 1502 ficia
585 1476 615 1502 et
639 1470 846 1504 ecclesiastica
875 1480 1092 1513 quaecumque
1107 1497 1114 1510 ,
1145 1480 1225 1514 quo-

492 1533 720 1566 rumcumque,
760 1528 790 1556 et
824 1524 1066 1567 qualiacumque
1102 1523 1227 1556 illorum

491 1575 621 1616 fructus,
646 1586 696 1609 res
721 1581 750 1609 et
772 1577 848 1617 iura,
867 1577 1056 1620 ubicumque
1076 1577 1228 1616 locorum,

491 1629 657 1672 regionum
694 1635 723 1662 et
756 1630 1011 1674 provinciarum,
1044 1640 1165 1663 necnon
1198 1630 1229 1662 in

492 1682 595 1724 Urbe,
620 1683 818 1725 civitatibus,
843 1684 935 1717 terris
966 1690 996 1718 et
1026 1685 1103 1718 locis
1128 1684 1228 1717 eidem

491 1736 647 1769 Romanae
664 1736 818 1769 Ecclesiae
835 1737 968 1770 mediate
985 1738 1031 1770 vel
1049 1737 1229 1770 immediate

492 1788 638 1822 subiectis
674 1789 875 1823 consistentia
912 1791 1058 1834 praedia,
1095 1791 1228 1833 domos,

491 1843 704 1886 possessiones
729 1849 758 1876 et
783 1844 864 1877 bona
888 1845 1128 1888 patrimonialia,
1154 1844 1229 1877 alia-

492 1907 552 1939 que
578 1897 764 1940 temporalia
785 1897 912 1931 mobilia
936 1904 965 1930 et
991 1897 1175 1939 immobilia,
1200 1902 1230 1930 et

493 1950 694 1992 semoventia,
712 1962 832 1984 necnon
849 1953 985 1986 actiones
1006 1958 1036 1984 et
1060 1952 1127 1985 iura
1144 1962 1230 1995 prae-

493 2003 590 2036 sentia
615 2010 644 2037 et
667 2005 786 2045 futura,
812 2005 1037 2049 cuiuscumque
1062 2005 1230 2049 qualitatiS,

494 2056 674 2099 quantitatis
691 2062 720 2090 et
739 2063 876 2100 naturae,
903 2058 1038 2091 cuiusvis
1063 2059 1154 2092 etiam
1180 2069 1230 2091 an-

495 2110 547 2142 nui
573 2111 686 2144 valoris
710 2111 851 2152 fructus,
877 2112 1016 2145 redditus
1042 2117 1071 2145 et
1096 2122 1230 2156 preven-

496 2168 543 2195 tus
568 2163 745 2196 huiusmodi
771 2165 832 2197 sint
858 2165 902 2197 vel
932 2165 1057 2205 suerint,
1081 2176 1116 2198 ac
1137 2165 1228 2199 etiam

494 2226 713 2260 quaecumque
746 2217 784 2249 ab
815 2217 874 2250 illis
905 2218 1085 2259 vendenda,
1111 2229 1146 2251 ac
1171 2229 1248 2262 pro>

495 2268 620 2302 illorum
659 2269 909 2314 familiarumque
949 2281 1077 2304 suarum
1120 2272 1229 2305 usibus

495 2322 642 2364 emenda,
668 2322 706 2354 ab
737 2323 882 2356 omnibus
915 2329 944 2356 et
977 2324 1229 2368 quibuscumque

495 2374 634 2415 decimis,
654 2376 773 2419 quartis
792 2380 820 2410 el
836 2375 974 2409 dimidiis
994 2377 1146 2420 partibus,
1162 2377 1230 2410 sub-

495 2427 582 2461 sidiis
606 2428 697 2460 etiam
723 2429 924 2471 charitativis,
949 2440 1070 2463 necnon
1095 2430 1230 2473 vectiga-

495 2481 586 2521 libus,
611 2483 770 2526 portoriis,
796 2483 931 2524 tributis,
956 2483 1056 2526 datiis,
1078 2484 1230 2528 pedagiis,

496 2535 634 2568 collectis
658 2541 688 2568 et
711 2547 908 2580 quocumque
928 2537 988 2570 alio
1009 2538 1136 2571 nomine
1153 2547 1231 2570 nun-

497 2589 616 2632 cupatis
640 2591 791 2632 angariis,
817 2591 1031 2634 perangariis,
1056 2592 1230 2634 ceterisque

1077 249 1254 272 numanum
1276 248 1428 273 not-{ANUM

1265 297 1312 329 nis
1333 306 1424 339 quam
1451 294 1588 335 rusticis,
1613 293 1783 327 ordinariis
1808 288 1838 328 et
1862 299 2002 328 extraor-

1266 350 1404 392 dinariis,
1425 349 1572 389 realibus,
1597 348 1814 392 personalibus
1834 354 1863 382 et
1888 349 2001 391 mixtis,

1265 403 1358 435 etiam
1392 402 1512 435 ratione
1547 401 1755 434 munitionum
1788 402 1948 435 moenium
1974 407 2004 435 et

1265 456 1430 499 pontium,
1455 459 1620 498 portarum
1646 461 1675 487 ct
1700 455 1922 488 moliturarum
1938 482 1945 495 ,
1974 459 2004 487 et

1266 509 1418 542 mercium
1445 508 1670 551 cuiuscumque
1695 508 1820 551 generis
1855 508 2003 541 transitus

1265 573 1320 595 seu
1356 571 1466 605 passus
1499 567 1529 594 et
1561 567 1707 594 vecturae
1742 561 1833 596 etiam
1864 561 1895 594 in
1919 561 2004 594 aliud

1266 614 1460 647 territorium
1487 625 1541 647 seu
1566 614 1762 658 provinciam
1789 615 1895 656 terra,
1924 613 2003 647 mari

1264 674 1294 699 et
1311 667 1450 707 flumine,
1464 677 1587 700 necnon
1603 678 1775 711 aequorum
1794 672 2003 708 mortuorum,

1264 720 1505 753 stabulationum
1528 720 1673 761 militum,
1691 720 1893 754 institutionis
1913 719 2004 753 semi-

1264 773 1342 806 narii
1375 773 1597 814 ecclesiastici,
1630 779 1681 806 aut
1712 784 1911 818 quacumque
1944 773 2003 806 alia

1265 827 1464 870 quantumvis
1479 827 1564 870 gravi
1580 832 1607 860 et
1625 827 1807 870 gravissima
1824 828 1915 860 causa
1930 827 2002 871 (pro

1264 879 1469 913 subventione
1493 885 1601 913 contra
1618 880 1758 913 infideles
1775 880 1935 913 dumtaxat
1956 890 2004 913 ex-

1265 934 1377 977 cepta)
1401 943 1484 966 nunc
1514 938 1543 966 et
1573 944 1632 977 pro
1658 938 1800 977 tempore
1825 933 2002 978 impositis,

1265 987 1305 1019 ita
1326 987 1409 1031 quod
1436 987 1478 1020 illi
1502 993 1532 1020 et
1556 987 1686 1031 quilibet
1711 999 1820 1021 eorum
1842 987 1918 1020 nihil
1940 998 2003 1020 om-

1263 1040 1338 1074 nino
1363 1041 1477 1074 horum
1502 1046 1554 1074 aut
1571 1041 1705 1074 aliorum
1723 1041 1873 1074 similium
1897 1040 2002 1074 subire

1264 1098 1442 1135 teneantur,
1467 1104 1524 1127 nec
1549 1105 1606 1138 per
1630 1104 1773 1128 camerae
1797 1094 2002 1138 apostolicae,

1263 1152 1315 1179 aut
1340 1147 1416 1180 alios
1442 1147 1697 1189 commissariOS,
1724 1159 1778 1181 seu
1804 1147 2002 1190 vectigalium

1264 1205 1293 1233 et
1324 1200 1515 1234 tributorum
1552 1201 1730 1234 huiusmodi
1763 1201 2002 1245 redemptores,

1263 1253 1471 1287 conductores
1489 1259 1518 1287 et
1538 1260 1710 1295 exactores,
1724 1264 1925 1298 quocumque
1941 1253 2003 1298 pri-

1263 1306 1388 1349 vilegio,
1413 1306 1612 1351 exemptione
1630 1312 1659 1340 et
1679 1307 1823 1340 facultate
1848 1306 2002 1349 suffultos,

1263 1359 1337 1392 alias
1369 1371 1463 1404 quam
1495 1366 1528 1393 ut
1560 1361 1738 1404 praefertur
1762 1361 1883 1393 valeant
1914 1370 2003 1394 coar-

1264 1413 1351 1456 ctari,
1377 1414 1527 1457 quamdiu
1548 1414 1682 1448 servitiis
1700 1415 1816 1448 nostris
1833 1414 2002 1448 institerint

1263 1467 1434 1508 dumtaxat,
1459 1468 1625 1500 eximimus
1646 1473 1675 1500 et
1698 1468 1878 1500 liberamus.

2017 247 2066 275 An.
2083 247 2100 274 C
2133 247 2199 278 ¹655

2220 64 2234 75 {1
2215 0 2235 51 ss*

2257 1505 2263 1518 1

1307 1520 1321 1564 ἓ
1345 1520 1374 1552 4.
1400 1520 1445 1553 Ad
1470 1520 1547 1554 haec
1580 1531 1650 1554 cum
1683 1520 1799 1553 eisdem
1815 1547 1822 1561 ,
1847 1526 1881 1553 ut
1904 1529 2001 1564 quae·
2043 1533 2073 1554 Ad
2089 1538 2202 1560 quaecum·

1263 1584 1398 1617 cumque
1422 1573 1484 1607 duo
1509 1574 1671 1606 dissimilia
1696 1575 1743 1607 vel
1776 1573 1930 1617 simplicia
1954 1573 1999 1606 si-

1263 1692 1398 1726 cumque
1431 1682 1524 1715 trium
1558 1682 1784 1715 cathedralium
1818 1682 1910 1715 etiam
1936 1691 2001 1715 me-

1264 1736 1525 1779 tropolitanarum
1551 1741 1603 1768 aut
1636 1735 1767 1768 aliarum
1797 1736 2001 1769 ecclesiarum

1264 1789 1473 1831 consistentia,
1499 1789 1621 1822 etiamsi
1648 1799 1743 1822 unum
1762 1799 1797 1821 ex
1817 1789 1878 1822 illis
1894 1789 1999 1822 omni-

1265 1843 1322 1875 bus
1347 1853 1418 1875 cum
1443 1844 1528 1883 cura,
1553 1848 1605 1875 aut
1630 1842 1764 1885 dignitas
1788 1842 1880 1875 etiam
1902 1842 2003 1875 maior

1264 1902 1293 1929 et
1317 1896 1509 1940 principalis,
1536 1896 1735 1930 canonicatus
1760 1901 1791 1929 et
1814 1895 2001 1940 praebenda,

1263 1955 1468 1993 personatus,
1500 1949 1747 1990 administratio,
1782 1950 1829 1982 vel
1865 1949 2001 1982 officium

1264 2003 1367 2043 fuerit,
1384 2008 1414 2036 et
1439 2003 1476 2035 ad
1500 2003 1696 2046 dignitatem,
1718 2008 1932 2047 personatum,
1949 2002 2003 2035 ad-

1265 2057 1528 2090 ministrationem
1565 2057 1612 2089 vel
1648 2056 1784 2089 officium
1820 2055 2002 2090 huiusmodi

1264 2110 1461 2143 consueverit
1486 2110 1555 2154 quis
1579 2121 1636 2154 per
1661 2110 1844 2143 electionem
1869 2109 2001 2151 assumi,

1264 2163 1354 2207 eique
1368 2174 1442 2197 cura
1456 2164 1549 2196 etiam
1569 2164 1823 2197 iurisdictionalis
1841 2162 2003 2196 immineat

1263 2217 1448 2260 animarum,
1466 2217 1489 2250 si
1516 2217 1560 2250 eis
1584 2217 1659 2250 alias
1677 2217 1825 2250 canonice
1843 2216 2003 2250 conseran-

1265 2277 1324 2312 tur,
1338 2276 1390 2304 aut
1407 2271 1573 2314 eligantur,
1589 2276 1839 2315 praesententur,
1858 2271 1904 2304 vel
1925 2270 2001 2303 alias

1264 2329 1464 2357 assumantur
1488 2324 1525 2357 ad
1552 2325 1613 2366 illa,
1632 2330 1660 2357 et
1681 2324 1883 2358 instituantur
1899 2324 1930 2356 in
1948 2323 2001 2367 eis,

1265 2379 1415 2422 recipere,
1430 2384 1468 2421 et,
1483 2378 1654 2412 dummodo
1672 2379 1723 2411 illa
1740 2379 1855 2420 onmia,
1873 2389 1935 2412 uno
1951 2389 2002 2412 ex-

1264 2438 1365 2476 cepto,
1383 2433 1582 2476 personalem
1604 2433 1805 2466 residentiam
1822 2442 1885 2465 non
1902 2431 2003 2475 requi-

1266 2491 1331 2518 rant
1345 2513 1352 2526 ,
1377 2486 1504 2519 insimul
1541 2486 1643 2530 quoad
1679 2486 1811 2520 vixerint
1845 2486 2001 2525 retinere,

1265 2549 1385 2572 necnon
1403 2540 1507 2581 etiam,
1524 2540 1675 2584 quamdiu
1691 2540 1783 2573 nohis
1803 2538 2002 2572 inservierint

1266 2597 1395 2634 tanturn,
1411 2592 1441 2624 in
1455 2593 1615 2626 beneficiis
1636 2591 1864 2632 ecclesiasticis,
1882 2601 1944 2625 non
1961 2596 2002 2624 ta-

497 2642 646 2675 oneribus
675 2647 704 2674 et
726 2643 1025 2686 contributionibus,
1051 2650 1112 2677 tam
1137 2644 1230 2677 urba·
1266 2656 1335 2679 men
1360 2646 1604 2690 parochialibus,
1618 2646 1664 2679 vel
1691 2655 1798 2680 curam
1825 2645 2001 2679 animarum

2017 1565 2058 1587 que
2077 1560 2118 1582 duo
2139 1560 2202 1581 dissi·

2017 1587 2074 1608 mitia
2097 1587 2129 1608 vel
2152 1587 2200 1608 sim·
2227 1591 2232 1594 ·
2251 1595 2263 1608 ,ι

1265 1627 1350 1659 milia
1375 1627 1432 1660 sub
1457 1627 1589 1670 singulis
1614 1627 1714 1660 tribus
1738 1627 1827 1660 tectis
1856 1637 2002 1670 quarum·
2017 1614 2200 1662 Slffissendss'ffllllff

2017 1669 2098 1693 pensat.
