2243 3205
25 187 72 214 An.
86 186 114 213 C.
137 185 204 213 1662

812 181 997 207 ALEXANDER
1022 182 1066 205 vn
1090 182 1138 205 PP.

220 232 339 265 litteras
367 236 398 265 et
428 232 460 264 in
492 232 537 265 eis
562 236 707 265 contenta
732 239 963 274 quaecumque,

222 285 314 318 etiam
342 295 377 318 ex
403 295 440 318 eo
472 285 556 328 quod
581 285 772 328 quicumque
801 284 832 316 in
865 293 962 327 prae-

223 338 326 371 missis
340 338 489 371 interesse
510 338 670 378 habentes,
684 348 739 370 seu
757 337 871 370 habere
890 346 965 380 quo-

223 391 396 424 modolibet
421 391 671 435 praetendentes,
695 390 832 423 cuiusvis
857 394 964 428 status,

225 443 351 487 gradus,
369 443 498 484 ordinis,
528 443 717 476 conditionis
742 448 772 475 et
795 441 965 484 dignitatis,

224 502 277 529 aut
301 497 377 529 alias
409 496 536 539 speciali
569 501 598 528 et
622 495 783 528 individua
809 495 966 527 mentione

225 549 311 592 digni
336 549 479 590 existant,
501 549 562 581 illis
578 559 640 581 non
667 548 893 588 consenserint,
914 552 967 580 aut

227 603 264 636 ad
290 613 325 635 ea
349 602 460 643 vocati,
479 603 562 635 citati
589 607 618 634 et
642 601 749 642 auditi,
766 612 819 634 seu
846 611 967 641 causae,

225 660 356 700 propter
379 666 455 699 quas
478 660 658 699 praesentes
684 660 890 695 emanarunt,
912 654 965 686 ad-

226 709 348 751 ductae,
366 708 544 742 verificatae
570 712 599 742 et
619 708 805 741 iustificatae
822 718 884 741 non
902 707 967 740 fue-

227 763 298 803 rint,
325 763 371 795 vel
397 773 431 795 ex
458 763 518 795 alia
547 772 745 805 quacumque
769 761 968 805 quantumvis

227 815 318 858 iusta,
336 815 486 859 legitima,
511 815 562 859 pia
589 820 618 848 et
642 814 840 859 privilegiata
865 815 969 854 causa,

228 868 344 910 colore,
369 872 531 913 praetextu
556 874 585 901 et
610 868 720 912 eapite,
737 868 830 900 etiam
852 867 883 899 in
901 877 969 900 cor-

227 933 306 967 pore
331 923 408 955 iuris
433 923 550 962 clauso,
579 922 671 955 etiam
697 921 847 961 enormis,
876 931 969 953 enor-

229 976 389 1009 missimae
403 980 433 1009 et
447 976 549 1009 totalis
562 975 719 1017 laesionis,
732 975 818 1008 nullo
832 984 969 1018 unquam

229 1035 373 1074 tempore
404 1029 442 1062 de
473 1029 687 1073 subreptionis
704 1029 751 1061 vel
776 1027 971 1071 obreptionis

229 1088 283 1116 aut
306 1083 457 1116 nullitatis
478 1082 562 1123 vitio,
582 1083 630 1115 rel
648 1081 827 1115 intentionis
846 1086 971 1114 nostrae

229 1146 285 1169 seu
302 1135 454 1169 interesse
473 1135 656 1168 habentium
682 1145 852 1168 consensus
872 1134 971 1167 aliove

229 1190 369 1234 quolibet
400 1189 600 1233 quantumvis
633 1199 747 1232 magno
779 1199 815 1221 ac
848 1188 970 1220 formali

229 1249 260 1277 et
284 1243 480 1277 substantiali
501 1243 775 1286 necessariamque
800 1241 972 1286 expressio-

229 1307 301 1330 nem
338 1296 518 1341 requirente
554 1296 675 1328 defectu
711 1295 832 1335 notari,
862 1295 969 1338 impu-

231 1351 331 1394 gnari,
356 1350 496 1394 infringi,
525 1350 687 1383 retractari
703 1377 710 1390 ,
735 1349 766 1382 in
790 1355 972 1383 controver-

231 1405 309 1438 siam
332 1404 489 1445 revocari,
510 1409 562 1436 aut
588 1403 625 1436 ad
652 1403 803 1436 terminos
828 1403 905 1435 iuris
930 1414 974 1436 re-

232 1458 315 1499 duci,
334 1468 388 1491 seu
406 1457 555 1490 adversus
576 1458 626 1490 illa
647 1456 869 1501 quodcumque
886 1456 974 1497 iuris,

233 1512 305 1546 facti
329 1512 378 1544 vel
405 1512 523 1555 gratiae
543 1511 718 1544 remedium
744 1511 905 1554 impetrari
928 1511 974 1543 vel

234 1566 392 1606 intentari,
412 1570 465 1598 aut
489 1565 674 1609 impetrato,
701 1565 747 1597 vel
772 1565 863 1597 etiam
890 1570 974 1598 motu

233 1620 347 1665 poprio
379 1630 414 1653 ac
441 1619 478 1652 de
511 1619 699 1663 apostolicae
724 1619 886 1662 potestatis
911 1620 976 1662 ple-

234 1673 376 1706 nitudine
394 1683 544 1706 concesso
562 1673 609 1705 vel
626 1678 780 1712 offirmato,
797 1673 976 1716 quempiam

237 1727 266 1760 in
292 1726 410 1760 iudicio
439 1726 486 1759 vel
511 1732 599 1759 extra
624 1725 699 1758 illud
726 1725 767 1759 uti
793 1736 847 1758 seu
875 1736 907 1758 se
933 1726 978 1759 iu-

238 1791 310 1814 vare
334 1790 437 1824 posse,
462 1789 564 1822 neque
585 1779 667 1822 ipsas
691 1784 871 1822 praesentes
895 1779 978 1811 litte-

238 1845 287 1867 ras
303 1834 361 1867 sub
375 1833 536 1877 quibusvis
550 1832 700 1865 similium
715 1833 761 1865 vel
779 1832 978 1864 dissimilium

238 1887 530 1927 confirmationum,
555 1886 747 1919 crectionum
763 1913 770 1926 ,
796 1886 977 1919 translatio-

236 1953 322 1982 num,
352 1941 615 1985 applicationum,
644 1939 903 1983 assignationum,
931 1951 981 1984 ap-

237 1995 500 2040 propriationum,
518 1994 768 2034 concessionum,
787 1994 979 2027 indultorum

238 2052 268 2082 et
291 2047 464 2091 gratiarum
490 2046 765 2088 revocationibus,
788 2046 981 2080 limitationi-

241 2102 311 2142 bus,
321 2100 582 2139 restrictionibus,
596 2100 864 2142 derogationibus,
874 2100 981 2133 aliisve

239 2154 407 2189 contrariis
430 2154 702 2197 dispositionibus,
724 2154 816 2186 etiam
843 2165 900 2197 per
924 2164 980 2187 nos

241 2214 271 2243 et
295 2209 454 2242 Romanos
487 2207 653 2240 Pontifices
689 2217 888 2240 successores
919 2218 978 2240 no<

242 2267 334 2302 str0s‚
351 2261 526 2304 Sedemque
543 2259 766 2303 Apostolicam,
780 2260 837 2293 sub
853 2261 982 2304 quibus-

241 2315 287 2348 vis
301 2314 469 2347 verborum
489 2313 650 2347 tenoribus
676 2317 704 2347 et
722 2314 840 2354 formis,
858 2324 893 2347 ac
911 2325 980 2347 cum

242 2367 435 2412 quibuslibet
459 2366 606 2400 clausulis
626 2372 656 2399 et
673 2366 818 2407 decretis,
842 2367 983 2411 quando-

243 2430 380 2464 cumque
403 2420 551 2453 faciendis
584 2430 721 2464 unquam
747 2421 982 2464 comprehendi,

244 2481 296 2508 aut
314 2475 560 2518 comprehensas
578 2475 710 2516 censeri,
729 2475 782 2507 sed
800 2485 925 2519 semper
945 2476 983 2508 ab

1643 169 1706 204 775

997 234 1063 262 tum
1089 228 1256 270 restitutas,
1275 228 1427 272 repositas
1445 231 1473 262 et
1492 226 1632 271 plenarie
1656 227 1737 259 rein-

999 287 1143 325 tegratas,
1161 292 1196 314 ac
1210 283 1300 314 etiam
1316 282 1353 314 de
1367 292 1447 315 novo
1465 281 1521 313 sub
1539 291 1736 324 quacumque

999 335 1173 379 posteriore
1187 335 1258 366 data
1276 346 1332 378 per
1350 335 1505 378 praefatos
1522 334 1735 377 praepositum

999 387 1188 430 generalem,
1206 393 1235 419 et
1252 387 1463 420 definitorium
1482 397 1517 419 ac
1530 387 1736 430 superiorem,

1000 440 1212 473 seminaristas
1237 445 1267 472 et
1291 440 1403 473 fratres
1424 440 1496 473 novi
1518 445 1688 472 conventus
1708 444 1738 472 et

1000 493 1159 527 seminarii
1195 493 1375 526 huiusmodi
1406 504 1464 537 pro
1500 498 1638 536 tempore
1667 493 1735 525 exi-

1001 552 1116 580 stentes
1141 546 1285 589 eligenda
1310 557 1473 579 concessas
1498 546 1638 589 intelligi,
1660 557 1739 578 sem-

1001 610 1121 644 perque
1138 600 1255 640 flrmas,
1267 600 1383 632 validas
1401 605 1430 632 et
1447 600 1587 632 efficaces
1605 600 1739 632 existere

1002 659 1031 686 et
1055 654 1132 693 fore,
1150 663 1285 696 suosque
1304 653 1461 696 plenarios
1486 658 1515 685 et
1540 654 1677 695 integros
1698 652 1740 684 ef-

1002 707 1100 740 fectus
1120 706 1224 739 sortiri
1244 710 1273 740 et
1290 706 1442 746 obtinere,
1462 716 1496 738 ac
1514 706 1583 747 illis,
1605 706 1641 738 ad
1662 715 1740 749 quos

1002 764 1121 802 spectat
1146 764 1175 791 et
1195 769 1254 802 pro
1281 762 1419 802 tempore
1444 758 1607 801 spectabit,
1627 759 1741 801 plenis-

1003 813 1081 844 sime
1105 812 1283 855 suffragari,
1303 817 1332 844 et
1356 812 1394 843 ab
1419 811 1478 844 illis
1503 812 1675 854 respective
1700 811 1742 843 in-

1004 864 1193 898 violabiliter
1210 864 1383 904 observari,
1397 865 1504 907 sieque
1521 869 1549 896 et
1567 874 1630 896 non
1653 864 1743 897 aliter

1005 919 1035 951 in
1051 918 1233 962 praemissis
1251 918 1397 951 omnibus
1415 922 1443 951 et
1463 917 1594 960 singulis
1611 917 1742 957 censeri,

1005 978 1097 1016 atque
1122 972 1164 1004 ita
1188 982 1246 1016 per
1270 981 1488 1015 quoscumque
1520 971 1638 1004 iudices
1662 970 1744 1003 ordi-

1005 1027 1110 1059 narios
1135 1031 1164 1058 et
1188 1026 1359 1068 delegatos,
1380 1025 1472 1057 etiam
1498 1035 1663 1057 causarum
1690 1035 1743 1068 pa-

1006 1080 1068 1112 latii
1094 1079 1258 1124 apostolici
1276 1079 1445 1118 auditores,
1465 1089 1501 1111 ae
1521 1079 1660 1111 eiusdem
1679 1088 1745 1111 san-

1006 1140 1073 1167 ctae
1097 1135 1256 1167 Romanae
1276 1134 1431 1167 Ecclesiae
1449 1133 1633 1173 cardinales,
1651 1133 1745 1166 etiarn

1006 1188 1044 1221 de
1062 1189 1158 1220 latere
1179 1189 1308 1231 legatos,
1334 1193 1363 1220 et
1387 1188 1464 1220 alios
1489 1187 1645 1231 quoslibet
1669 1198 1746 1231 qua-

1008 1245 1054 1278 vis
1082 1245 1267 1278 auctoritate
1293 1250 1322 1277 ct
1345 1249 1498 1288 potestate
1523 1244 1687 1286 fungentes
1717 1247 1747 1274 et

1006 1300 1179 1340 funcluros,
1201 1298 1321 1331 sublata
1350 1297 1395 1329 cis
1426 1301 1455 1331 et
1484 1308 1593 1330 corum
1619 1296 1748 1331 cuilibet

1007 1353 1116 1399 quavis
1134 1353 1223 1385 aliter
1241 1343 1397 1384 iudicandi
1416 1357 1445 1383 et
1462 1351 1687 1395 interpretandi
1708 1352 1748 1384 fa.

1008 1408 1123 1440 cultate
1149 1410 1179 1438 et
1202 1405 1397 1444 auctoritate,
1424 1404 1554 1437 iudicari
1573 1409 1602 1437 et
1622 1404 1747 1437 deliniri

1008 1461 1144 1499 debere,
1169 1470 1204 1492 ac
1230 1459 1353 1491 irritum
1376 1464 1405 1490 et
1426 1458 1526 1498 inane,
1547 1458 1571 1490 si
1600 1457 1674 1501 quId
1699 1469 1747 1490 se-

1010 1525 1065 1548 cus
1089 1524 1183 1557 super
1208 1512 1255 1544 his
1280 1522 1296 1544 a
1322 1521 1491 1555 quoquam,
1509 1511 1617 1554 quavis
1642 1515 1748 1545 aucto-

1011 1568 1111 1607 ritate,
1125 1567 1260 1600 scienter
1285 1566 1332 1598 vel
1363 1565 1556 1608 ignoranter,
1581 1564 1749 1608 contigerit

1011 1620 1166 1654 attentari.

1056 1675 1070 1717 g
1089 1674 1118 1706 8.
1133 1674 1199 1706 Non
1213 1671 1408 1706 obstantibus
1426 1671 1614 1714 praemissis,
1627 1681 1749 1704 necnon

1013 1727 1160 1771 praefatis
1184 1725 1310 1765 nostris,
1328 1736 1362 1757 ac
1385 1731 1632 1757 memoratorum
1654 1725 1750 1765 Pauli,

1014 1781 1130 1815 Urbani
1141 1786 1170 1812 ct
1183 1779 1353 1812 Innocentii
1368 1778 1645 1822 praedecessorum
1658 1779 1751 1811 etiam

1014 1835 1044 1867 in
1069 1834 1162 1867 simili
1187 1834 1288 1866 forma
1314 1832 1420 1865 Brevis
1437 1832 1547 1865 litteris
1572 1837 1601 1864 et
1626 1843 1753 1865 concor-

1014 1888 1083 1929 diis,
1104 1887 1223 1930 legatis,
1246 1886 1449 1926 testamentis,
1468 1885 1619 1918 codicillis
1637 1891 1666 1918 et
1690 1886 1753 1918 dis-

1015 1934 1222 1986 positionibus
1247 1951 1283 1972 ex
1308 1950 1506 1983 quacumque
1531 1941 1640 1979 causa,
1665 1950 1754 1972 occa-

1015 1996 1101 2028 sione
1123 2000 1152 2027 et
1170 2001 1311 2037 tempore
1328 1994 1478 2026 hactenus
1496 1993 1591 2034 factis,
1611 1993 1753 2034 conditis,

1015 2048 1176 2089 emanatis,
1197 2046 1375 2090 publicatis,
1404 2046 1566 2089 exequutis
1591 2052 1620 2078 et
1645 2046 1752 2079 ohser-

1016 2102 1092 2134 vatis
1118 2099 1427 2143 1·espectivc‚etaliis
1442 2100 1534 2131 etiam
1561 2099 1678 2131 ultimis
1704 2110 1753 2132 vo-

1015 2155 1197 2195 luntatibus,
1223 2164 1299 2197 quas
1327 2153 1429 2196 quoad
1462 2153 1635 2197 praemissa
1667 2154 1752 2186 sufli-

1015 2209 1133 2242 cienter
1158 2214 1187 2240 et
1211 2218 1359 2250 expresse
1384 2213 1623 2247 commutamus,
1643 2218 1678 2240 ac
1704 2218 1754 2240 uo-

1016 2264 1079 2295 stra
1100 2267 1128 2294 et
1150 2261 1353 2294 cancellariae
1377 2261 1566 2304 apostolicae
1587 2261 1694 2303 regula
1716 2261 1754 2293 de

1016 2326 1077 2349 non
1103 2315 1311 2349 concedendis
1344 2315 1544 2356 indulgentiis
1574 2314 1610 2346 ad
1637 2315 1755 2355 instar,

1017 2376 1055 2411 et,
1081 2375 1234 2413 quatenus
1252 2379 1330 2412 opus
1349 2368 1396 2408 sit,
1418 2368 1469 2400 illa
1487 2368 1525 2400 de
1542 2368 1709 2401 unionibus
1726 2373 1757 2401 et

1017 2422 1278 2466 applicationibus
1314 2421 1543 2455 committendis
1567 2421 1604 2453 ad
1631 2427 1756 2465 parteS‚

1019 2476 1135 2509 vocatis
1158 2485 1294 2517 quorum
1321 2474 1460 2514 interest,
1485 2474 1756 2519 exprimendoque

244 2529 305 2562 illis
330 2534 484 2572 exceptas,
501 2534 531 2560 et
547 2528 669 2572 quoties
693 2528 763 2561 illae
783 2529 982 2570 emanabunt,
1020 2529 1048 2561 in
1075 2529 1135 2561 illis
1160 2539 1234 2561 vcro
1260 2528 1374 2569 valere,
1395 2540 1429 2560 ac
1455 2528 1668 2561 Lateranensis
1686 2539 1756 2561 con-

245 2582 336 2616 toties
362 2582 392 2614 in
418 2581 583 2626 pristinum
609 2586 637 2614 et
663 2581 886 2615 validissimum
920 2588 983 2615 sta·
1019 2582 1080 2615 cilii
1105 2581 1273 2615 novissime
1299 2580 1447 2614 celebrati
1481 2581 1611 2614 uniones
1643 2592 1755 2625 perpe-

1752 178 1800 205 An.
1817 178 1845 204 C.
1868 177 1934 205 1662

1834 1685 1947 1709 Derogatio

1766 1714 1926 1732 contrat-torum.
