2243 3205
58 163 109 204 An.
129 175 242 204 C.1659
853 166 1038 193 ALExANDER
1063 166 1107 190 vn
1131 167 1178 191 ΡΡ.
1671 153 1735 187 447
1782 162 1831 190 An.
1851 162 1879 190 c.
1902 162 1970 190 1659

255 221 339 256 tione
363 220 502 265 praevia,
521 218 687 253 recesserit
712 229 728 251 a
753 217 837 251 dicta
859 217 999 260 Congre-
1031 226 1109 257 rem,
1132 216 1190 248 sub
1210 216 1326 249 annulo
1348 214 1524 256 piscatoris,
1543 213 1593 247 die
1613 223 1654 247 xv
1669 211 1772 246 martii

255 274 391 318 gastone,
413 284 449 307 eo
469 274 538 318 ipso
561 278 721 306 remaneat
734 282 915 316 suspensus,
941 271 997 304 do·
1031 279 1159 310 MDCle,
1177 269 1378 313 pontificatus
1400 268 1499 302 nostri
1526 277 1607 300 anno
1628 277 1669 300 lv.

255 338 313 361 nec
345 327 500 361 eiusmodi
530 325 796 370 dispensationem
827 328 856 358 et
880 325 998 357 relaxa-
1068 331 1126 358 Dat.
1147 330 1190 358 die
1214 331 1244 358 15
1265 331 1353 357 mai-iii
1376 331 1452 363 1659,
1471 329 1566 365 pontis.
1585 338 1654 356 anno
1671 336 1706 355 iv.

256 382 374 416 tionem
400 380 583 415 obtinuerit.

72 451 196 481 ,neemiam
216 455 241 469 ‚r-
301 435 358 479 §4
372 430 581 468 Decernentes
602 432 726 466 easdem
748 437 928 476 praesentes
949 430 998 463 lit-

61 480 130 499 ¹¹⁸³¹¹⁸‘
257 493 339 521 teras
364 498 488 531 semper
512 487 631 527 firmas,
656 485 773 518 validas
799 490 828 518 et
858 484 1000 517 efficaces
1303 474 1493 507 CCXXXVI·

257 542 438 576 existereet
457 542 534 582 fore,
560 551 595 574 ac
620 541 658 574 ab
684 541 755 581 illis,
779 539 818 572 ad
836 549 916 582 quos
934 548 1000 582 spe-

257 600 319 629 ctat
336 601 365 628 et
379 595 533 639 spectabit
545 594 785 638 quomodolibet
803 593 832 625 in
846 593 999 631 futurum,

257 649 481 683 inviolabiliter
501 648 680 688 observari,
706 647 813 691 sicque
832 657 888 690 per
910 656 1001 689 quos-

257 713 394 746 cumque
418 701 537 735 iudices
567 701 746 734 ordinarios
772 705 801 733 et
829 699 999 742 delegatos,

257 756 350 789 etiam
377 746 544 788 causarum
569 754 677 798 palatii
698 753 862 797 apostolici
883 753 1002 786 audito-

258 820 318 850 res,
336 808 470 842 iudicari
489 813 518 841 et
539 807 664 840 definiri
685 807 811 849 debere,
826 817 862 840 ac
875 806 1000 839 irritum

258 869 288 897 et
317 863 428 903 inane,
453 862 478 894 si
506 871 595 894 secus
618 871 712 904 super
731 860 778 893 his
796 871 812 893 a
829 870 999 904 quoquam,
1236 850 1404 878 Alexander
1418 849 1497 897 {³³92
1512 848 1574 897 vll,

258 917 367 962 quavis
394 916 590 957 auctoritate,
617 916 751 949 scienter
777 915 823 948 vel
850 915 1000 958 ignoran-
1178 895 1214 922 ad
1234 895 1366 923 futuram
1386 901 1431 920 ¹⁰¹
1453 900 1634 922 menmnam'

259 977 317 1012 ter,
337 969 507 1013 contigerit
531 969 688 1002 attentari.
1080 966 1238 1000 Militantis
1269 965 1426 999 Ecclesiae
1458 964 1628 1007 regimini,
1659 963 1779 996 meritis
1822 975 1962 995 Prooemium.

133 1037 244 1067 ειη-ωε
305 1025 319 1068 ἓ
343 1024 373 1058 4.
398 1025 467 1058 Non
491 1021 688 1057 obstantibus
709 1021 902 1066 praemissis,
927 1032 1001 1055 nec·
1036 1021 1108 1054 licet
1132 1019 1317 1064 imparibuS,
1344 1018 1541 1053 inscrutabili
1561 1018 1683 1050 divinae
1708 1027 1780 1061 pro-

62 1066 244 1092 pfflfflvaum'
260 1089 324 1113 non
355 1078 557 1123 apostolicis,
590 1088 625 1111 ac
653 1076 883 1122 universalibus
921 1087 1000 1119 pro-
1037 1075 1190 1108 videmiae
1216 1084 1331 1107 arcano
1356 1072 1581 1117 praesidentes,
1599 1071 1637 1104 ad
1658 1082 1703 1111 ea,
1724 1081 1781 1115 per

261 1132 510 1177 vincialibusque
552 1137 583 1165 et
621 1131 824 1176 synodalibus
861 1130 1002 1164 conciliis
1036 1140 1117 1173 quae
1141 1129 1366 1172 religiosorum
1399 1127 1563 1166 virorum,
1595 1125 1781 1170 praesertim

261 1186 362 1228 editis,
387 1185 588 1229 generalibus
602 1185 650 1218 vel
668 1184 866 1229 specialibus,
893 1183 1003 1216 consti-
1037 1182 1094 1216 sub
1119 1182 1206 1215 suavi
1221 1181 1366 1214 arctioris
1386 1180 1517 1222 regulae
1539 1179 1614 1221 iugo
1631 1178 1782 1212 Altissimi

262 1239 399 1273 tionibus
423 1243 453 1274 et
476 1238 745 1280 ordinationibus,
780 1243 824 1278 et,
849 1242 1004 1281 quatenus
1037 1236 1197 1280 obsequiis
1224 1235 1500 1279 mancipatorum,
1526 1233 1620 1266 statui
1645 1236 1675 1266 et
1699 1232 1781 1266 felici

262 1304 341 1338 opus
365 1293 414 1334 sit,
439 1293 540 1327 dictae
564 1291 841 1335 Congregationis,
874 1290 1004 1333 eiusque
1037 1289 1203 1323 directioni
1228 1294 1408 1332 opportune
1433 1286 1620 1327 consulitur,
1646 1295 1781 1330 propen-

262 1348 431 1381 domorum
455 1351 485 1381 et
509 1346 717 1390 collegiorum
747 1343 950 1384 huiusmodi,
975 1349 1005 1377 et
1038 1344 1079 1377 sis
1104 1343 1214 1377 studiis
1228 1342 1430 1380 intendimus,
1447 1351 1483 1374 ac
1497 1340 1528 1373 in
1542 1340 1603 1373 illis
1617 1339 1779 1373 commissi

263 1401 331 1434 aliis
356 1401 529 1445 quibusvis,
555 1400 647 1435 eliam
673 1400 861 1439 iuramento,
889 1398 1004 1432 confir-
1038 1398 1128 1432 nobis
1150 1397 1279 1430 caelitus
1296 1396 1392 1430 officii
1409 1400 1515 1439 partes
1535 1394 1669 1427 libenter
1690 1394 1783 1427 inter-

264 1457 403 1489 matione
431 1454 607 1499 apostolica
639 1454 687 1486 vel
719 1453 828 1497 quavis
857 1452 1005 1485 firmitate
1038 1452 1202 1497 ponimus,
1232 1455 1328 1494 prout
1352 1450 1382 1482 in
1408 1449 1541 1482 Domino
1570 1447 1783 1492 conspicimus

263 1510 323 1542 alia
348 1509 516 1549 roboratis,
530 1508 652 1542 statutis
666 1513 696 1540 et
716 1506 1005 1546 consuetudinibus,
1039 1505 1208 1539 salubriter
1233 1503 1389 1548 expedire.

264 1562 437 1607 privilegiis
462 1572 598 1606 quoque,
616 1561 744 1593 indultis
761 1565 791 1593 et
808 1560 921 1593 litteris
936 1570 1007 1603 apo·
1085 1558 1141 1602 §f
1160 1558 1243 1591 Alias
1261 1556 1416 1601 siquidem
1435 1555 1533 1589 felicis
1551 1554 1782 1588 recordationis
1799 1563 1834 1593 ,Ab
1844 1562 1982 1609 Urbaqussui

263 1615 381 1649 stolicis
403 1615 434 1648 in
458 1614 652 1649 contrarium
671 1613 918 1658 praemissorum
933 1623 1007 1656 quo·
1041 1612 1167 1645 Urbano
1192 1612 1293 1655 Papae
1320 1610 1383 1643 Vlll
1410 1608 1647 1654 praedecessori
1674 1613 1783 1641 nostro
1799 1596 1984 1638 ἕῖῗῖἓέᾞῗῗπὲζ

264 1668 437 1702 modolibet
462 1667 630 1708 concessis,
656 1667 850 1700 confirmatis
872 1671 901 1699 et
922 1667 1007 1699 inno·
1041 1677 1099 1710 pro
1131 1670 1219 1710 parte
1252 1666 1355 1699 clarae
1387 1663 1560 1697 memoriae
1594 1662 1782 1696 Ferdinandi
1799 1643 1983 1692 iiitrssitir‘n‘ii’iiffi

264 1723 356 1763 vatis3
375 1722 490 1767 quibus
506 1721 653 1755 omnibus
672 1726 701 1754 et
718 1720 861 1764 singulis,
880 1720 1006 1753 illorum
1042 1721 1256 1753 Romanorum
1283 1719 1358 1752 dum
1384 1717 1459 1750 vixit
1483 1717 1567 1760 regis
1592 1716 1622 1749 in
1647 1716 1782 1760 impera-

265 1783 389 1811 tenores
412 1776 630 1820 praesentibus
658 1786 716 1819 pro
745 1775 837 1818 plene
862 1778 891 1808 et
916 1775 1004 1807 suffi-
1042 1779 1143 1807 torem
1169 1772 1260 1806 electi
1286 1771 1446 1816 exposito,
1473 1770 1556 1814 quod
1582 1770 1612 1802 in
1638 1770 1785 1803 domibus

266 1830 384 1867 cienter
402 1830 557 1873 expressis
575 1840 609 1862 ac
627 1829 664 1861 de
691 1829 787 1861 verbo
812 1828 850 1861 ad
877 1828 1007 1861 verbum
1042 1826 1241 1870 regularibus
1255 1826 1389 1858 fratrum
1408 1824 1532 1857 Ordinis
1547 1823 1703 1856 Minorum
1718 1834 1784 1856 san-

267 1883 390 1916 insertis
403 1883 563 1924 habentes,
582 1882 642 1915 illis
660 1882 735 1914 alias
760 1882 791 1914 in
809 1892 866 1914 suo
892 1882 1008 1914 robore
1043 1881 1083 1914 cti
1097 1880 1256 1913 Francisci
1270 1879 1307 1912 de
1322 1877 1527 1912 Observantia
1541 1877 1785 1910 reformatorum

266 1937 492 1981 permansuris,
518 1936 556 1968 ad
581 1935 828 1980 praemissorum
851 1935 1007 1977 effectum,
1042 1939 1298 1978 nuncupatorum
1325 1931 1506 1976 provinciae
1520 1930 1664 1964 Austriae
1689 1932 1785 1974 opera

268 1992 326 2024 hac
350 1990 417 2023 vice
433 1990 604 2030 dumtaxat,
619 1989 795 2033 specialiter
814 1993 843 2023 et
862 1999 1009 2033 expresse
1042 1989 1168 2022 Antonii
1192 1999 1209 2021 a
1229 1987 1382 2027 Galbiato,
1408 1990 1480 2020 tunc
1505 1985 1578 2018 dicti
1604 1985 1729 2019 Ordinis
1754 1985 1786 2018 in

268 2044 472 2087 derogamus3
491 2043 665 2087 ceterisque
690 2043 856 2076 contrariis
881 2043 1010 2086 quibus·
1043 2043 1104 2075 illis
1118 2042 1261 2086 partibus
1278 2040 1487 2074 commissarii
1506 2040 1673 2082 generalis,
1689 2039 1785 2072 refor-

269 2109 415 2141 cumque.
1045 2096 1140 2129 matio
1166 2094 1344 2128 introducta
1369 2094 1487 2131 fuisset,
1512 2092 1649 2136 dictique
1674 2093 1785 2125 fratres

74 2194 81 2207 Γ
105 2161 253 2208 Trffiujnww-
314 2154 328 2196 ἓ
361 2152 389 2185 7.
420 2151 569 2184 Volumus
598 2155 702 2183 autem
731 2156 765 2183 ut
795 2150 1009 2194 praesentium
1046 2149 1158 2183 uberes
1183 2149 1215 2181 in
1240 2148 1328 2181 vinea
1350 2147 1472 2180 Domini
1490 2147 1608 2179 fructus
1627 2146 1785 2179 afferrent:

84 2194 115 2209 ⁰¹¹¹
138 2196 190 2209 ’ω’
270 2205 483 2249 transumptis,
506 2214 600 2236 manu
614 2203 745 2236 alicuius
761 2204 874 2236 notarii
892 2204 1009 2247 publici
1046 2204 1128 2236 idern
1154 2203 1300 2235 Urbanus
1320 2201 1555 2245 praedecessor,
1578 2200 1784 2243 supplicatio-

270 2258 508 2302 subscriptis‚et
520 2258 623 2300 sigillo
641 2267 794 2301 personae
815 2257 845 2289 in
860 2257 1011 2299 dignitate
1045 2257 1136 2289 nibus
1160 2256 1233 2289 dicti
1259 2255 1449 2288 Ferdinandi
1476 2254 1559 2297 regis
1575 2254 1605 2286 in
1621 2254 1786 2297 imperato-

271 2312 481 2346 ecclesiastica
513 2311 698 2345 constitutae
727 2311 873 2352 munitis,
903 2311 1010 2343 eadem
1046 2321 1111 2343 rem
1124 2309 1214 2343 electi
1229 2309 1356 2342 nomine
1375 2308 1429 2340 tibi
1444 2318 1539 2351 super
1554 2308 1612 2340 hoc
1627 2307 1787 2341 humiliter

271 2377 402 2411 prorsus
415 2366 492 2398 fides
510 2365 626 2408 ubique
651 2365 794 2397 locorum
822 2369 884 2396 tam
907 2364 937 2397 in
964 2365 1010 2396 iu-
1047 2363 1201 2407 porrectis
1219 2362 1395 2401 inclinatus,
1414 2360 1670 2395 reformationem
1690 2361 1720 2393 in
1738 2361 1789 2394 do-

271 2420 354 2454 dicio
372 2430 465 2464 quam
488 2423 574 2452 extra
600 2418 674 2451 illud
703 2418 905 2460 adhibeatur,
932 2429 1013 2462 quae
1047 2417 1149 2450 mibus
1164 2416 1363 2459 regularibus
1378 2415 1477 2448 dictae
1497 2414 1678 2459 provinciae
1692 2415 1785 2448 Ordi-

272 2475 349 2519 ipsis
375 2473 596 2517 praesentibus
622 2472 843 2512 adhiberetur,
862 2471 886 2504 si
911 2472 1013 2505 forent
1047 2471 1094 2504 nis
1119 2469 1301 2503 huiusmodi
1320 2474 1352 2502 ut
1371 2469 1549 2513 praefertur
1567 2468 1788 2509 introductam,

272 2527 429 2561 exhibitae
447 2527 494 2559 vel
520 2531 672 2559 ostensae.
1048 2535 1120 2558 cum
1146 2524 1256 2557 iisdem
1275 2522 1459 2567 privilegib,
1478 2522 1587 2565 brutiis
1604 2527 1633 2556 ct
1649 2522 1787 2565 indultis,

317 2581 432 2614 Datum
457 2581 585 2620 Romae,
606 2579 689 2623 apud
713 2579 742 2612 S.
766 2578 894 2612 Mariam
920 2578 1014 2613 Maio·
1048 2589 1084 2612 ac
1103 2578 1198 2613 modo
1215 2583 1244 2611 ct
1260 2578 1375 2618 forma,
1400 2577 1513 2621 quibus
1538 2577 1672 2611 similem
1692 2577 1790 2611 refor-

1035 556 1245 599 Confirmatio
1263 555 1500 598 reformationis
1512 554 1700 597 provinciae
1713 554 1776 596 fra-

1080 615 1167 643 trum
1201 609 1369 642 Minorunt
1403 608 1574 640 strictioris
1607 607 1776 640 observan-

1080 665 1143 697 tiae
1167 663 1335 701 Auso-iae,
1362 672 1432 694 cum
1456 661 1675 693 declaratione
1692 660 1778 704 quod

1079 717 1262 750 moderetur
1298 716 1380 748 sicut
1415 715 1561 758 reliquae
1591 714 1779 757 provinciae

1078 772 1273 814 reformatae
1293 769 1442 802 'eiusdem
1467 768 1611 800 Ordinis.
