2185 3188
58 208 107 235 An.
124 206 153 234 C.
173 207 242 235 1655

79 2361 197 2389 nespomat

853 203 1039 227 ALEXANDER
1060 203 1104 227 Vll
1125 203 1173 226 Pr.

255 265 315 299 pus
339 264 420 288 unus
445 254 492 287 vel
518 254 624 298 plures
648 263 685 286 ex
709 262 842 286 numero
863 262 917 284 sex
937 262 994 284 re-

255 309 442 352 ligiosorum
468 308 512 341 ibi
537 307 728 351 degentium,
753 317 792 339 an
817 306 918 349 gratia
942 316 993 338 re-

256 362 425 396 stitutionis
439 362 477 396 sit
495 362 590 402 nulla,
604 367 634 395 et
647 366 818 395 conventus
833 364 994 393 remaneat

256 426 443 460 suppressus
467 421 501 448 ut
525 415 622 459 prius.

299 479 363 503 xvl.
387 469 466 509 Quid
485 469 510 502 si
530 479 548 502 a
568 472 720 502 conventu
743 477 805 500 non
824 476 994 510 suppresso

256 522 400 556 similiter
424 533 461 556 ex
485 524 579 556 causa
604 521 780 555 rationabili
808 525 839 553 et
862 520 901 553 ad
926 530 992 553 mo-

256 576 361 610 dicum
387 582 511 620 tempus
531 575 612 609 absit
626 575 738 619 aliquis
755 585 772 607 e
796 584 849 607 sex
870 574 994 616 religio-

256 629 298 663 sis
322 630 367 663 ibi
392 629 610 670 existentibus,
634 639 674 661 an
697 628 830 661 durante
854 627 906 660 tali
932 628 993 660 ab-

257 684 355 717 sentia
390 689 558 718 conventus
591 682 750 716 subiaceat
784 681 992 715 iurisdictioni

257 737 422 771 Ordinarii.

299 801 375 825 xvn.
399 792 446 825 An
470 791 618 834 religioso
648 790 702 824 illo
736 789 888 823 redeunte
904 817 911 831 ,
946 789 992 822 vel

256 846 330 879 alias
360 846 489 890 impleto
516 856 649 879 numero
674 855 726 878 sex
752 844 992 887 religiosorum,

257 904 426 934 conventus
449 903 614 944 recuperet
637 897 801 943 pristinam
820 898 992 942 exemptio-

256 964 337 988 nem.

299 1018 385 1042 xv111.
410 1008 441 1042 Si
467 1007 568 1051 gratia
592 1006 798 1040 restitutionis
822 1011 993 1040 conventus

254 1061 415 1106 suppressi
440 1061 588 1095 reddatur
611 1061 696 1094 nulla
721 1071 758 1094 ex
783 1071 819 1094 eo
845 1060 930 1104 quod
962 1060 992 1093 in

254 1115 308 1149 illo
332 1115 370 1148 ad
396 1116 528 1149 sormam
554 1115 672 1148 decreti
696 1125 767 1148 cum
793 1113 906 1147 effectu
930 1124 992 1147 non

254 1169 376 1202 alantur
401 1180 452 1202 sex
477 1169 628 1212 religiosi,
649 1174 678 1201 et
694 1173 802 1213 postea
822 1168 992 1211 contingat,

255 1229 288 1256 ut
307 1223 459 1256 eiusmodi
479 1233 630 1256 numerus
647 1222 826 1267 impleatur,
840 1231 879 1255 an
892 1222 992 1266 gratia

254 1277 458 1310 restitutionis
483 1282 653 1310 conventus
678 1276 852 1310 reviviscat.

299 1340 362 1364 xlx.
388 1331 434 1364 Ad
457 1331 518 1364 hoc
541 1336 574 1363 ut
598 1330 699 1373 gratia
726 1330 933 1364 restitutionis
954 1330 994 1364 sit

255 1384 340 1416 nulla
363 1389 393 1417 et
417 1390 588 1418 conventus
612 1384 715 1418 denuo
738 1390 899 1417 remaneat
922 1395 992 1428 sup-

255 1447 382 1480 pressus
413 1441 582 1481 propterea
605 1438 689 1481 quod
722 1438 753 1470 in
778 1448 815 1471 eo
846 1448 908 1471 non
935 1448 990 1470 su-

255 1496 429 1524 stententur
453 1501 506 1524 sex
531 1491 681 1533 religiosi,
706 1501 745 1523 an
769 1491 881 1525 debeat
906 1502 993 1535 prae-

255 1544 366 1577 cedere
390 1544 598 1578 declaratoria
622 1544 761 1588 episcopi
785 1555 880 1589 super
902 1545 993 1586 sacto,

254 1598 381 1641 praevia
406 1609 517 1631 causae
541 1598 731 1641 cognitione.

297 1659 348 1685 xx.
373 1652 420 1684 An
442 1651 481 1684 ab
506 1651 687 1684 huiusmodi
718 1651 925 1686 declaratoria
950 1652 990 1685 li-

253 1710 320 1738 ceat
344 1705 543 1748 regularibus
572 1705 610 1737 ad
639 1705 750 1738 Sedem
781 1706 991 1749 Apostolicam

252 1758 412 1802 appellare
436 1758 473 1791 ad
509 1758 654 1792 effectum
688 1765 751 1792 tam
776 1759 991 1793 devolutivum

251 1820 344 1856 quam
370 1812 599 1856 suspensivum.

295 1875 357 1899 xxl.
371 1866 448 1900 Cum
466 1877 502 1899 ex
515 1866 632 1900 decreti
646 1866 842 1911 praescripto
856 1872 992 1911 quatuor

251 1919 428 1954 sacerdotes
460 1919 491 1951 in
522 1919 571 1952 his
603 1919 809 1953 conventibus
842 1920 991 1963 degentes

250 1972 384 2006 debeant
407 1983 474 2006 esse
511 1977 652 2007 maturae
682 1973 811 2017 aetatis,
836 1984 989 2018 quaenam

250 2025 373 2061 dicatur
397 2027 435 2060 ad
468 2027 552 2061 hunc
576 2027 722 2062 effectum
748 2033 832 2062 aetas
857 2034 989 2062 matura.

249 2117 348 2150 Sacra
373 2118 585 2161 Conqreqatio
608 2129 705 2162 super
734 2123 821 2152 statu
852 2119 986 2163 regula-

292 2173 382 2204 rium
403 2171 445 2205 ad
468 2172 601 2216 singula
626 2172 728 2205 dubia
751 2174 902 2217 superius
922 2184 991 2217 pro-

290 2226 398 2269 posita
423 2226 510 2258 hunc
533 2226 569 2259 in
593 2225 725 2259 modum
745 2226 923 2271 respondit,
947 2227 990 2260 vi-

293 2278 426 2312 delicet:

293 2348 339 2383 Ad
363 2359 382 2382 1.
409 2349 477 2383 Non
500 2359 600 2393 posse.

294 2402 339 2436 Ad
364 2412 395 2436 11.
417 2403 510 2436 Posse
532 2414 568 2436 ex
592 2403 768 2437 rationabili
786 2405 891 2444 causa,
908 2414 990 2437 com-

249 2457 370 2490 monito
399 2462 502 2489 tamen
536 2456 624 2501 prius
655 2458 819 2501 superiore
850 2458 988 2500 regulari

249 2510 288 2543 ad
312 2521 404 2554 quem
430 2511 586 2554 pertinet,
612 2515 645 2543 ut
669 2511 796 2545 eosdem
822 2511 989 2555 religiosos

250 2563 423 2607 assignent¹
450 2565 480 2597 in
504 2564 572 2597 aliis
593 2565 808 2599 conventibus.

286 2627 298 2654 1
321 2626 412 2656 Potius
430 2626 492 2663 teger
507 2626 634 2663 assiqnee
655 2628 691 2665 (a.
705 2628 756 2664 12).

1071 251 1117 284 Ad
1142 260 1186 284 111.
1211 250 1305 284 Posse
1325 251 1483 296 compelli.

1072 304 1117 337 Ad
1142 314 1183 337 iv.
1211 304 1314 337 Posse.

1071 357 1117 390 Ad
1142 368 1171 390 v.
1198 358 1303 391 Posse.

1072 411 1117 444 Ad
1144 422 1184 445 vl.
1209 411 1353 445 Subesse.

1072 465 1117 498 Ad
1143 476 1196 499 v11.
1224 465 1334 498 Itidem
1361 465 1498 498 subesse.

1072 519 1117 552 Ad
1143 529 1208 552 vm.
1227 519 1354 552 Minime
1370 519 1467 551 licere
1485 525 1653 562 antequam
1673 518 1771 551 aliun-

1028 572 1066 605 de
1085 578 1207 606 constet
1226 572 1264 605 de
1285 572 1488 605 fundamento
1511 572 1692 605 intentionis
1706 571 1771 615 epi-

1029 626 1117 670 scopi
1142 626 1173 658 in
1197 626 1375 659 deficientia
1399 625 1525 659 numeri
1550 625 1729 658 constituto.

1072 680 1117 713 Ad
1143 691 1183 713 ix.
1210 680 1375 724 Expedire,
1393 685 1426 713 ut
1447 680 1497 714 SS.
1516 681 1549 713 D.
1569 680 1602 713 N.
1621 679 1771 712 decernat

1028 739 1058 767 et
1074 734 1212 768 declaret
1236 745 1299 768 non
1319 734 1414 768 licere
1432 734 1580 778 episcopo
1599 734 1673 766 tales
1694 743 1769 766 con-

1028 794 1137 821 ventus
1162 788 1298 821 visitanti
1324 788 1494 832 quicquam
1525 787 1669 831 accipere
1695 796 1770 830 pro-

1028 842 1199 877 curationis
1224 843 1362 876 nomine.

1071 897 1117 930 Ad
1141 907 1170 929 x.
1197 896 1391 941 Competcre.

1072 951 1117 984 Ad
1142 961 1184 984 xi.
1210 951 1304 984 Posse
1329 951 1409 984 sicut
1436 951 1546 995 prius,
1571 960 1634 984 non
1667 955 1770 982 tamen

1027 1005 1179 1048 privative
1199 1004 1238 1037 ad
1263 1004 1457 1049 episcopum.

1071 1059 1117 1092 Ad
1134 1069 1187 1092 x11.
1213 1059 1280 1092 Non
1298 1069 1400 1102 posse,
1421 1059 1480 1091 nisi
1506 1069 1542 1091 ex
1565 1058 1644 1091 iusta
1665 1058 1768 1098 causa,

1028 1113 1121 1145 veluti
1147 1124 1217 1146 cum
1244 1113 1328 1146 videt
1358 1113 1557 1157 superiorem
1590 1112 1769 1155 regularem

1027 1177 1064 1199 ex
1089 1166 1161 1199 odio
1187 1166 1234 1199 vel
1259 1177 1378 1207 amore,
1404 1166 1574 1210 cupiditate
1600 1166 1646 1198 vel
1673 1170 1769 1204 metu,

1027 1225 1079 1252 aut
1103 1230 1140 1252 cx
1166 1220 1262 1251 nimia
1287 1219 1452 1252 severitate
1479 1219 1527 1252 vel
1553 1218 1769 1261 indulgentia,

1027 1273 1102 1317 quid
1137 1273 1248 1307 durius
1279 1278 1331 1306 aut
1363 1273 1526 1306 remissius
1559 1273 1769 1314 constituere,

1027 1338 1122 1372 quam
1149 1338 1242 1361 causa
1266 1327 1416 1371 deposcit,
1436 1327 1466 1359 in
1491 1337 1554 1371 quo
1579 1327 1677 1371 ipsius
1693 1326 1771 1370 epis-

1027 1381 1097 1425 copi
1122 1381 1314 1414 conscientia
1338 1386 1497 1414 oneratur.

1070 1435 1116 1468 Ad
1140 1446 1207 1469 x111.
1233 1436 1301 1469 Non
1326 1436 1422 1469 licere
1447 1435 1605 1479 superiori
1630 1435 1770 1478 regulari

1028 1489 1212 1532 religiosum
1230 1490 1268 1523 ab
1287 1490 1438 1534 episcopo
1463 1490 1648 1533 inquisitum
1665 1500 1683 1521 a
1700 1489 1769 1522 loco

1027 1553 1184 1586 amovere,
1209 1549 1239 1577 et
1263 1544 1288 1576 si
1313 1548 1436 1578 amotus
1461 1544 1565 1584 suerit,
1591 1554 1683 1587 posse
1708 1543 1770 1587 epi-

1028 1607 1156 1641 scopum
1183 1608 1310 1630 causam
1336 1597 1504 1641 prosequi,
1530 1601 1560 1631 et
1584 1597 1672 1630 illum
1694 1597 1767 1640 qui-

1028 1651 1224 1694 buscumque
1248 1651 1397 1684 remediis
1421 1662 1582 1692 revocare,
1607 1651 1701 1683 etiam
1728 1651 1771 1683 in-

1028 1710 1138 1739 vocato
1158 1706 1275 1739 auxilio
1296 1705 1450 1738 Ordinarii
1477 1709 1506 1739 ct
1530 1705 1661 1738 brachio
1686 1715 1770 1738 secu-

1028 1759 1096 1799 lari,
1121 1759 1145 1791 si
1171 1770 1250 1803 opus
1275 1758 1379 1800 suerit,
1399 1759 1627 1803 cuiuscumque
1649 1758 1719 1799 loci,
1737 1758 1768 1791 in

1026 1822 1089 1856 quo
1114 1812 1282 1855 religiosus
1307 1813 1358 1845 ille
1383 1813 1570 1856 reperiatur.

1070 1865 1116 1899 Ad
1142 1876 1204 1899 x1v.
1232 1867 1299 1899 Non
1324 1877 1427 1910 posse.

1069 1918 1115 1951 Ad
1135 1929 1186 1952 xv.
1205 1919 1341 1953 Gratiam
1361 1920 1401 1953 ob
1419 1919 1449 1952 id
1467 1930 1529 1953 non
1550 1930 1616 1953 esse
1637 1919 1767 1961 nullam,

1025 1978 1166 2006 cessante
1190 1973 1275 2006 omni
1297 1973 1417 2015 fraude,
1437 1984 1495 2007 nec
1515 1979 1711 2007 conventum
1723 1984 1768 2007 re-

1026 2037 1153 2060 manere
1172 2038 1388 2071 suppressum.

1069 2081 1114 2114 Ad
1140 2091 1202 2114 xvi.
1229 2081 1398 2114 Subiacere
1422 2081 1554 2115 durante
1578 2081 1728 2116 absentia.

1068 2135 1114 2168 Ad
1139 2145 1214 2168 xvn.
1241 2135 1450 2178 Rticuperare.

1069 2189 1113 2222 Ad
1138 2199 1226 2222 xvm.
1252 2190 1319 2222 Non
1345 2189 1542 2222 reviviscere.

1068 2243 1113 2276 Aa
1131 2253 1193 2277 xix.
1212 2243 1332 2276 Debere
1350 2243 1390 2276 ita
1408 2244 1610 2287 praecedere,
1624 2255 1681 2277 nec
1695 2249 1765 2278 ante

1024 2296 1264 2330 declaratoriain
1296 2297 1390 2330 licere
1420 2297 1569 2341 episcopo
1594 2302 1765 2332 conventus

1024 2350 1253 2394 possessionem
1268 2350 1517 2394 apprehendere,
1529 2356 1579 2384 aut
1599 2351 1765 2394 religiosos

1024 2403 1094 2436 inde
1115 2404 1281 2447 expellere.

1067 2457 1112 2491 Ad
1133 2468 1183 2491 xx.
1203 2458 1311 2491 Licere
1328 2458 1366 2490 ad
1384 2458 1529 2491 effectum
1550 2458 1764 2493 devolutivum

1024 2516 1155 2552 tantum,
1180 2522 1243 2544 non
1267 2517 1371 2544 autem
1397 2513 1629 2556 suspensivum.

1067 2566 1111 2598 Ad
1131 2575 1191 2599 χχι,
1216 2566 1349 2600 AEtatcm
1371 2572 1525 2599 maturam
1544 2567 1604 2600 dici
1622 2567 1659 2600 ad
1680 2567 1763 2601 hunc

1023 2620 1168 2655 effectum
1193 2621 1350 2665 completo
1374 2631 1455 2655 anno
1480 2621 1733 2666 quadragesimo.

1694 191 1736 225 37
1785 201 1832 228 An.
1850 201 1878 228 c.
1901 202 1970 230 1655
