2243 3205
252 229 300 256 An.
319 229 346 256 c.
368 229 436 258 1056
481 221 546 255 306

451 284 553 312 sentes
578 279 736 322 receperis
757 279 934 313 commissis
965 280 1099 324 peccatis
1113 307 1121 321 ,
1141 280 1191 314 de-

453 330 530 364 lictis
555 336 584 363 et
605 331 793 372 excessibus,
819 332 1017 375 quantumvis
1042 332 1190 375 gravibus

453 388 482 416 et
507 383 698 425 enormibus,
717 395 751 417 ac
776 384 994 418 ecclesiasticis
1020 385 1190 426 sententiis,

453 436 594 470 censuris
620 442 649 469 et
673 437 782 480 poenis
807 437 1017 481 quibuslibet,
1043 438 1134 470 etiam
1161 437 1191 470 in

454 489 576 522 casibus
612 495 674 522 tam
710 490 864 534 episcopis
894 496 923 523 et
956 491 1024 524 aliis
1049 492 1191 524 locorum

454 542 636 585 Ordinariis,
662 554 754 587 quam
787 543 877 577 nohis
909 549 938 576 et
966 544 1036 578 Sedi
1063 543 1189 587 praedi-

455 601 531 636 ctae,
552 597 643 629 etiam
666 597 697 629 in
721 597 832 630 litteris
856 597 905 630 die
930 597 1049 632 Coenae
1070 597 1192 630 Domini

454 649 622 693 quotannis
640 650 700 692 legi
727 650 893 693 consuetis,
922 662 957 684 ac
977 651 1051 684 alias
1069 661 1105 683 ex
1122 660 1194 693 qua-

456 713 589 746 cumque
616 705 719 743 causa‚
734 709 763 736 et
781 704 838 736 sul)
859 704 1022 747 quibusvis
1047 703 1195 736 clausulis

455 762 485 789 et
502 756 749 798 limitationibus,
768 757 1004 801 quomodolibet
1029 756 1195 789 reservatis

457 810 691 853 (praeterquam
728 810 888 843 homicidii
925 815 954 842 et
991 808 1195 842 mutilationis

456 862 671 896 membrorum
703 863 733 895 in
754 873 904 906 personas
929 862 1068 906 episcopi
1089 862 1136 894 vel
1157 861 1197 894 al-

455 916 552 948 terius
578 916 706 959 praelati
732 916 938 960 superioris),
961 915 1109 959 imposita
1134 914 1196 947 sin-

456 970 537 1012 gulis
562 980 619 1013 pro
646 970 738 1003 modo
764 970 872 1013 culpae
901 968 1091 1013 poenitentia
1116 968 1197 1001 salu-

458 1023 524 1062 tari,
540 1033 575 1056 ac
589 1024 714 1066 praevia
733 1023 867 1066 partium
882 1022 1072 1055 offensarum
1087 1031 1142 1055 seu
1156 1021 1198 1054 in-

459 1081 572 1110 teresse
592 1077 771 1109 habentium
794 1076 1013 1117 satisfactione,
1035 1081 1065 1108 et
1085 1075 1196 1119 parite,

459 1131 482 1162 si
509 1130 592 1173 quod
626 1130 673 1171 sit,
701 1130 845 1170 iudicato,
870 1130 1001 1172 aliisque
1026 1139 1104 1172 quae
1136 1128 1199 1161 sue-

459 1184 522 1216 rint
547 1183 755 1226 iniungendae
777 1183 937 1223 iniunctis3
959 1192 1081 1215 necnon
1106 1182 1198 1214 etiam

460 1247 568 1270 omnes
593 1242 622 1269 et
647 1236 803 1279 singulos,
833 1236 896 1280 qui7
922 1247 1022 1280 nsque
1053 1235 1091 1268 ad
1117 1236 1198 1269 diem

460 1302 522 1335 quo
547 1295 736 1334 praesentes,
762 1295 794 1322 ut
818 1289 1041 1333 praemittitur,
1071 1300 1199 1333 recepe-

460 1346 512 1387 ris,
531 1345 620 1378 hellis
638 1344 856 1385 interfuerunt,
874 1344 968 1377 etiam
983 1349 1091 1377 contra
1110 1354 1200 1388 prac-

461 1400 577 1432 dictum
611 1399 757 1431 loannem
790 1398 975 1431 Casimirum
1010 1408 1138 1441 regem,
1166 1408 1200 1430 ac

462 1452 655 1485 carissimam
676 1451 705 1484 iu
724 1451 846 1484 Christo
868 1450 963 1483 filiam
985 1455 1125 1483 nostram
1145 1451 1202 1483 Ma-

463 1506 540 1538 riam
555 1505 696 1548 reginam
723 1504 788 1537 eius
810 1515 951 1545 uxorem,
967 1504 1105 1547 aliosque
1119 1503 1202 1547 prin-

464 1559 547 1602 cipes
573 1564 601 1591 et
626 1558 814 1598 catholicos,
841 1568 876 1591 ac
901 1557 992 1590 ctiam
1019 1563 1128 1589 contra
1152 1567 1202 1589 ec-

464 1612 573 1645 clesias
591 1616 620 1644 ct
636 1611 694 1645 alia
720 1611 787 1645 loca
813 1611 863 1655 pia
889 1617 917 1643 et
938 1620 1088 1654 personas
1109 1610 1204 1643 eccle-

465 1665 613 1705 siasticas,
630 1664 676 1697 rel
696 1664 778 1697 aliud
799 1664 1021 1707 quodcumque
1043 1662 1202 1704 auxilium,

466 1718 629 1752 eonsilium
649 1723 678 1751 et
695 1718 831 1751 savorem
850 1718 999 1750 adversus
1013 1717 1081 1750 illos
1096 1722 1125 1750 et
1138 1717 1205 1749 illas

466 1771 762 1816 quomodocumque
800 1771 1046 1814 praestiterunt,
1085 1769 1205 1802 etiamsi

467 1826 528 1858 sint
552 1835 705 1869 personae
731 1823 976 1863 ecclesiastieae,
997 1827 1025 1857 et
1050 1833 1204 1866 quacum-

467 1890 527 1923 que
553 1878 704 1921 dignitate
729 1878 903 1920 insignitae,
922 1886 1119 1920 quarumque
1137 1886 1206 1918 spe-

469 1932 555 1964 cialis
572 1937 602 1964 et
627 1931 784 1963 individua
811 1931 927 1963 mentio
953 1929 1092 1962 facienda
1117 1934 1206 1969 esset,

470 1985 616 2028 imposita
636 1985 679 2016 eis
697 1983 839 2016 similiter
861 1983 987 2015 salutari
1006 1982 1207 2026 poenitentia,

470 2048 505 2069 ac
519 2037 626 2080 previa
648 2036 754 2069 itidem
772 2036 907 2079 partium
927 2035 1077 2068 interesse
1094 2035 1209 2067 haben-

471 2090 547 2123 tium
574 2090 799 2129 satisfactione,
825 2100 860 2122 ac
884 2088 977 2121 etiam
1003 2088 1209 2129 abiuratione,

471 2143 500 2175 in
526 2143 649 2175 casibus
675 2143 704 2175 in
730 2142 844 2185 quibus
865 2141 919 2174 tibi
945 2142 991 2174 vel
1017 2153 1033 2173 a
1059 2145 1096 2182 te,
1114 2147 1147 2173 ut
1166 2141 1208 2174 in-

470 2197 526 2238 fra,
544 2196 784 2239 subdelegandis
809 2206 866 2238 pro
891 2195 1001 2227 restris
1025 2195 1156 2228 arbitrio
1181 2199 1211 2227 et

472 2250 661 2284 conscientia
680 2249 834 2282 videbitur
852 2248 1074 2290 necessarium,
1090 2258 1210 2282 necnon

472 2303 622 2348 praestito
639 2313 695 2346 per
720 2313 773 2336 cos
800 2302 829 2334 iu
854 2302 914 2335 tuis
933 2313 987 2334 seu
1012 2313 1028 2334 a
1052 2306 1079 2335 te
1104 2301 1212 2334 subdc-

472 2356 679 2400 legandorum
705 2356 849 2388 manibus
875 2355 1053 2396 iurcrando,
1079 2355 1160 2398 quod
1182 2355 1211 2387 in

474 2415 634 2454 posterum
661 2420 676 2441 a
702 2409 855 2442 similibus
879 2409 971 2452 plane
993 2408 1211 2448 abstinebunt;

475 2474 509 2496 ac
534 2463 660 2506 insuper
685 2472 899 2506 quascumque
931 2462 1066 2495 cuiusvis
1089 2462 1213 2496 Ordinis

476 2522 505 2548 et
530 2516 659 2549 instituti
684 2516 835 2549 moniales
853 2527 869 2548 a
887 2516 1025 2549 censuris
1047 2522 1074 2549 et
1102 2516 1212 2559 poenis

476 2569 693 2602 ecclesiasticis
707 2569 746 2603 ob
763 2570 925 2602 clausurae
940 2569 1150 2609 violationem,
1164 2569 1210 2601 vel

477 2633 511 2656 cx
529 2634 725 2666 quacuuupie
750 2623 809 2655 alia
836 2625 939 2663 eausa,
957 2634 1054 2666 usque
1074 2623 1111 2655 ad
1129 2622 1210 2655 diem

1035 232 1211 257 BULLARIUM
1237 233 1389 258 ROMANUM

1222 291 1284 324 quo
1299 286 1490 325 praesentes,
1512 285 1544 314 ut
1564 281 1782 324 supradictum
1799 288 1855 323 est,
1873 293 1958 316 rece—

1222 334 1317 378 peris,
1333 334 1570 378 quomodolibet
1595 334 1738 375 incursis,
1756 335 1894 368 iniuncta
1915 335 1960 368 eis

1223 387 1327 430 aliqua
1343 387 1535 430 poenitentia
1560 387 1698 429 salutari,
1723 393 1753 420 et
1770 387 1838 420 aliis
1862 386 1958 431 quae⁴

1225 439 1280 471 tihi
1313 439 1359 472 vel
1384 450 1402 472 a
1435 445 1462 473 te
1488 439 1748 482 subdelegandis'
1774 439 1961 474 videbuntur

1226 491 1426 534 iniungenda,
1443 492 1475 525 in
1502 492 1571 525 foro
1598 492 1806 526 conscientiae
1831 497 1963 534 tantum,

1226 544 1273 577 vel
1291 544 1385 578 etiam
1402 545 1433 578 in
1453 549 1597 589 utroque,
1617 545 1779 579 absolvere
1798 545 1917 589 pariter
1934 550 1965 578 et

1227 595 1380 636 liberare;

1271 649 1286 692 ἓ
1309 649 1338 682 4.
1364 649 1409 682 Ad
1434 649 1511 683 haec
1536 650 1591 682 tibi
1615 650 1653 683 ad
1678 650 1761 683 idem
1795 648 1965 683 triennium

1227 703 1419 746 proximum,
1444 709 1474 737 et
1499 704 1622 738 interim
1647 704 1779 737 durante
1803 704 1855 736 tua
1879 703 1966 747 lega-

1228 756 1322 797 tione,
1344 762 1376 789 ut
1399 767 1469 789 cum
1495 756 1662 800 praedictis
1686 756 1918 801 poenitentibus
1935 756 1967 790 in

1229 815 1363 854 utroque
1381 810 1448 843 foro
1470 810 1604 854 receptis
1628 816 1657 843 et
1682 809 1901 850 reconciliatis,
1915 809 1968 854 qui

1230 863 1336 896 clerici
1362 863 1518 896 seculares
1540 863 1586 896 vel
1612 863 1749 896 cuiusvis
1772 862 1895 896 Ordinis
1924 873 1969 896 re-

1230 916 1355 959 gulares
1378 916 1502 958 fuerint,
1531 927 1626 960 super
1657 916 1887 960 irregularitate
1912 926 1970 960 per

1230 980 1283 1003 eos
1315 970 1480 1003 haeresum
1506 975 1536 1003 ct
1561 979 1705 1003 errorum
1733 979 1769 1003 ac
1793 969 1970 1003 schismatis

1231 1029 1261 1057 et
1277 1024 1452 1068 apostasiae
1471 1024 1636 1058 occasione
1660 1023 1897 1068 quomodolibet
1921 1033 1972 1055 an-

1233 1083 1357 1121 tequam
1394 1082 1575 1121 praesentes
1609 1076 1766 1121 receperis
1794 1077 1970 1118 contracta,

1232 1135 1294 1162 tam
1319 1130 1422 1174 quoad
1443 1130 1658 1163 executionem
1675 1128 1820 1163 ordinum
1842 1138 1899 1172 per
1918 1138 1971 1162 eos

1232 1189 1461 1227 susceptorum,
1486 1194 1580 1228 quam
1605 1182 1708 1227 quoad
1725 1181 1971 1216 habilitationem

1233 1236 1394 1270 obtinendi
1424 1237 1472 1269 vel
1508 1235 1662 1270 retinendi
1694 1235 1798 1279 aliqua
1821 1234 1973 1268 beneficia

1234 1290 1444 1324 ecclesiastiea
1468 1289 1623 1334 simplicia
1648 1289 1694 1322 vel
1719 1293 1827 1322 curata
1854 1298 1890 1321 ac
1910 1288 1974 1322 offi-

1234 1344 1281 1377 cia
1306 1348 1336 1378 et
1360 1344 1539 1387 dignitates,
1557 1353 1620 1377 non
1646 1348 1750 1376 tamen
1774 1342 1921 1383 maiores,
1937 1352 1974 1375 ac

1234 1397 1281 1438 iis,
1303 1397 1355 1441 qui
1383 1397 1543 1440 haeretici,
1561 1396 1751 1430 schismatici
1769 1401 1799 1429 et
1815 1400 1974 1440 apostatae

1235 1452 1371 1491 fuerunt,
1396 1456 1425 1483 et
1445 1450 1476 1483 in
1500 1450 1597 1484 sacris
1621 1449 1783 1483 ordinibus
1807 1453 1879 1482 sunt
1903 1459 1976 1482 con·

1235 1505 1344 1546 stituti,
1370 1504 1408 1536 ab
1433 1504 1538 1536 altaris
1564 1503 1750 1544 ministerio,
1779 1508 1809 1535 et
1833 1502 1975 1535 omnium

1236 1563 1506 1591 sacramentorum
1525 1556 1681 1590 Ecclesiae
1695 1555 1975 1597 administratione,

1236 1615 1400 1655 perpetuo,
1418 1611 1463 1644 vel
1482 1610 1519 1644 ad
1539 1616 1672 1655 tempus,
1691 1615 1744 1643 tuo
1762 1610 1810 1642 vel
1827 1620 1845 1642 a
1862 1615 1891 1643 te
1907 1608 1976 1642 sub-

1237 1664 1484 1708 delegandorum
1506 1664 1638 1698 arbitrio
1663 1663 1832 1708 suspensis,
1852 1663 1876 1696 si
1893 1662 1976 1696 aliud

1238 1717 1423 1751 canonicum
1437 1728 1499 1751 non
1515 1717 1644 1750 obsistat
1661 1716 1929 1760 impedimentum,
1946 1715 1978 1748 in

1239 1771 1348 1805 eodem
1382 1777 1516 1815 utroque
1540 1771 1609 1804 foro
1633 1770 1831 1815 dispensare3
1856 1779 1978 1803 necnon

1239 1836 1310 1857 cum
1335 1824 1417 1865 illis,
1446 1824 1499 1867 qui
1532 1823 1681 1857 haeretici
1713 1823 1760 1856 rel
1789 1823 1978 1856 schismatici

1240 1878 1366 1918 fuerint,
1383 1888 1419 1910 ac
1436 1877 1546 1910 unitati
1564 1882 1689 1910 sanctae
1703 1877 1809 1910 Matris
1823 1876 1979 1910 Ecclesiae

1241 1935 1332 1963 erunt
1357 1930 1560 1971 reconciliati,
1585 1935 1615 1962 et
1631 1929 1767 1962 clericali
1786 1929 1914 1962 militiae
1930 1929 1980 1962 ad-

1241 1983 1335 2017 scribi
1367 1984 1414 2016 vel
1439 1983 1517 2016 alios
1544 1983 1637 2016 etiam
1662 1993 1767 2016 sacros
1792 1988 1822 2015 et
1855 1982 1981 2027 presby-

1243 2042 1358 2069 teratus
1381 2035 1508 2069 ordines
1536 2036 1694 2079 suscipere
1718 2041 1748 2068 et
1772 2034 1981 2069 ecclesiastiea

1242 2090 1393 2122 beneficia
1419 2089 1560 2122 obtinere
1585 2089 1723 2133 cupiunt,
1742 2089 1767 2122 si
1793 2099 1883 2122 verae
1907 2099 1981 2134 poe-

1243 2143 1391 2176 nitentiae
1411 2148 1441 2176 et
1465 2142 1657 2176 constantiae
1677 2143 1766 2186 signa
1782 2142 1934 2185 dederint,
1952 2148 1982 2176 et

1244 2196 1408 2240 qualitates
1434 2196 1569 2229 habeant
1593 2195 1769 2240 requisitas,
1788 2196 1910 2240 sibique
1931 2195 1982 2229 ali-

1245 2261 1305 2294 qua
1330 2249 1441 2283 merita
1472 2249 1706 2293 suffragentur,
1734 2248 1773 2282 de
1804 2249 1982 2293 praedictae

1245 2304 1332 2337 Sedis
1357 2303 1549 2346 benignitate
1581 2303 1687 2336 itidem
1712 2302 1893 2347 dispensare
1909 2330 1918 2344 ‚
1949 2307 1984 2336 ut

1245 2363 1406 2391 tonsuram
1426 2356 1613 2397 clericalem,
1628 2361 1658 2390 et
1674 2356 1751 2389 alios
1767 2356 1860 2389 etiam
1877 2366 1983 2390 sacros

1246 2416 1275 2442 et
1311 2409 1542 2454 presbyteratus
1568 2409 1714 2451 ordines,
1746 2409 1876 2442 servatis
1908 2409 1983 2443 alias

1246 2463 1415 2504 servandis,
1434 2463 1602 2508 suscipere,
1622 2467 1651 2498 et
1670 2463 1822 2496 beneficia
1843 2463 1985 2496 ecclesia-

1282 2545 1292 2567 1
1308 2543 1453 2578 Pei-peram
1463 2543 1505 2570 ed.
1519 2543 1597 2570 Main.
1610 2543 1675 2578 legit
1686 2550 1740 2578 quo
1752 2551 1799 2579 pro
1808 2551 1881 2578 quae
1893 2543 1980 2578 (nm).

1279 2587 1295 2613 2
1310 2587 1377 2614 Male
1393 2587 1472 2614 etiam
1493 2587 1573 2615 habet
1591 2589 1773 2623 subdeleyari
1793 2596 1839 2623 pro
1853 2586 1982 2616 subdele-

1243 2632 1349 2667 9andis
1366 2639 1401 2668 tn.
1420 2632 1468 2667 T.).

1975 236 2023 262 An.
2040 236 2067 262 C.
2087 236 2154 265 1656

2008 666 2062 687 Vero
2090 666 2160 691 noeni-

1981 693 2072 714 teutibus
2087 695 2108 713 et
2130 698 2160 714 re·
2206 688 2208 719 ξ

1981 719 2099 740 conciliatis
2111 719 2161 740 irro-
2207 733 2208 742 ι

1982 745 2112 771 gutur-itatem
2123 745 2161 766 sot·
2203 754 2208 765 *i

1984 774 2018 794 vu,
2029 774 2049 792 ot
2061 771 2162 793 beneficis
2206 779 2207 785 ¹

1983 798 2126 819 ecclesiastica
2133 804 2164 819 re·
2206 815 2207 818 ,

1983 830 2053 850 cipere
2063 829 2124 850 posse
2135 824 2162 845 fa-

1983 851 2082 872 cultatem
2089 850 2162 878 impar-

1985 877 2043 898 titur.
