2263 3215
333 212 379 240 An.
398 212 425 241 C.
450 212 516 241 ¹655
560 203 601 238 32

358 381 424 407 Ertgtt
446 383 465 402 in
481 387 514 402 ca·

482 414 506 428 ec

332 409 367 430 uia
377 409 448 429 trulum

1102 210 1280 235 minimum

530 262 595 294 eius
613 261 801 294 voluntatem
819 259 984 292 salubriter
1008 258 1039 292 in
1068 259 1199 293 Domino
1223 259 1265 291 di-

529 315 675 357 rigerent.

573 367 588 409 g
610 367 638 399 sl.
659 365 752 404 Unde,
767 365 845 397 sicut
867 365 917 397 alii
943 365 1074 399 Romani
1100 364 1264 397 Pontifices

332 436 417 456 clessam
428 419 515 456 2110ch
529 420 786 463 praedecessores
810 419 908 452 nostri
934 429 990 450 suo
1016 424 1157 460 tempore
1178 417 1281 460 omni¹

332 468 442 483 [afflatu--

529 472 630 504 studio
655 476 815 511 curarunt,
841 477 874 504 ut
898 471 976 504 sides
1001 471 1174 504 orthodoxa
1199 470 1281 516 ubi-¹

529 535 588 569 que
610 524 787 568 praedicata
812 530 1050 568 propagaretur,
1071 528 1101 558 et
1125 528 1281 556 errantes*

528 578 779 617 oves‚diabolica
803 578 911 610 fraude
932 584 962 610 et
985 578 1141 610 haeretica
1166 577 1282 627 pravi-2

529 636 590 663 tate
614 636 791 674 correptas,
824 631 861 662 ad
887 631 967 663 ovile
995 637 1025 663 et
1048 630 1113 662 veri
1138 629 1282 662 luminis:

529 684 718 726 agnitionem
745 683 941 723 reducerem,
966 693 1001 716 ac
1025 683 1192 726 pervigiles
1217 693 1282 715 (ΞΟ-ι

528 747 597 770 rum
620 736 710 768 saluti
735 742 876 779 pastores
900 736 1090 777 assisterent,
1112 736 1152 768 ita
1172 735 1282 780 etiam,

527 800 593 831 nos,
612 793 705 833 prout
731 795 906 832 temporum
936 799 971 821 ac
999 789 1141 822 locorum
1167 788 1265 832 quali-

527 848 573 875 tas
598 843 714 882 suadet,
736 842 876 885 dignum,
901 842 976 885 quin
1001 842 1104 886 potius
1124 841 1282 874 debiturn

527 896 718 929 arbitramur
752 907 847 928 novas
883 896 1076 940 episcopales
1115 895 1203 929 sedes
1235 900 1282 941 et⁴¹

527 950 673 983 ecclesias
698 950 847 993 plantare,
870 950 1038 993 praecipue
1063 948 1138 981 dum
1161 949 1281 982 cathos

526 1002 616 1036 licam
643 1002 735 1035 sidem
763 1002 976 1046 profitentium
1001 1012 1112 1044 regum
1137 1007 1209 1035 vota
1232 1002 1263 1034 id

526 1057 615 1088 anxie
640 1061 817 1100 reposcunt,
838 1061 871 1088 ut
888 1066 945 1099 per
962 1054 1143 1088 huiusmodi
1167 1065 1263 1088 novas
1280 1070 1281 1073 ¹

525 1108 731 1152 plantationes
756 1109 917 1152 popularis
941 1114 1093 1151 augeatur
1117 1108 1262 1149 devotio,

525 1162 648 1194 divinus
671 1162 773 1194 cultus
797 1162 916 1203 ssoreat,
937 1167 966 1194 et
983 1162 1159 1195 animarum
1180 1162 1263 1195 salus

525 1215 744 1258 subsequatur,
761 1215 889 1258 locaque
908 1215 1041 1258 insignia
1066 1215 1262 1259 dignioribus
1279 1227 1280 1251 t

526 1269 621 1303 titulis
643 1274 671 1301 et
689 1268 852 1311 condignis
872 1269 1030 1301 favoribus
1055 1269 1260 1302 illustrentur.

570 1322 585 1365 ἓ
609 1322 637 1355 ⁶2.
663 1321 751 1361 Sane,
766 1332 837 1354 cum
862 1321 1014 1355 dioecesis
1040 1322 1216 1366 Pragensis,
1231 1322 1262 1355 in

525 1386 623 1419 regno
640 1375 805 1408 Bohemiae
822 1377 890 1416 sita,
906 1376 1010 1418 longa,
1028 1377 1089 1408 lata
1105 1382 1135 1409 et
1151 1376 1262 1410 diffusa

525 1430 572 1472 sit,
590 1435 619 1462 et
641 1430 671 1462 in
695 1432 730 1462 eft
752 1433 795 1463 tot
811 1429 925 1473 oppida
949 1435 980 1462 et
1003 1430 1072 1463 loca
1097 1441 1113 1463 a
1138 1430 1262 1463 civitate

525 1488 555 1516 et
578 1483 710 1515 ecclesia
734 1483 882 1525 Pragcnsi
907 1488 1046 1525 remota,
1076 1488 1108 1516 ut
1139 1483 1177 1516 ad
1209 1484 1261 1517 illa

524 1537 564 1571 ob
585 1548 694 1571 eorum
720 1537 896 1570 distantiam
921 1537 1056 1570 difficilis
1072 1541 1175 1581 pateat
1194 1537 1261 1571 adi-

524 1596 582 1632 tus,
600 1597 628 1624 et
646 1591 710 1635 ipse
726 1591 982 1635 archiepiscopus
1007 1591 1172 1634 Pragensis
1196 1601 1262 1624 om-

523 1655 594 1678 nem
619 1645 792 1677 dioecesem
811 1644 923 1688 ipsam,
941 1654 1021 1688 quae
1040 1644 1155 1677 sinibus
1172 1645 1260 1687 regni

524 1697 681 1731 Bohemici
706 1698 831 1731 demum
857 1697 1054 1738 terminatur,
1072 1699 1107 1730 ea
1135 1697 1262 1741 diligen-

524 1752 573 1791 tia,
592 1762 653 1795 qua
679 1762 735 1796 par
768 1757 823 1792 est,
840 1751 976 1792 visitare,
997 1757 1163 1795 ceteraque
1186 1761 1279 1796 pon-2

523 1804 649 1839 tificalia
673 1805 774 1838 officia
805 1815 971 1846 exercere,
1003 1815 1039 1838 ac
1063 1805 1260 1848 singulorum

524 1858 778 1892 dioecesanorum
794 1870 924 1892 suorum
949 1859 1062 1899 vultus,
1076 1864 1109 1892 ut
1126 1859 1260 1903 expedit,
1277 1849 1279 1894 ἶ

524 1911 676 1955 inspicere
695 1923 765 1951 vnon
789 1913 907 1956 possit,
936 1912 1018 1946 unde
1044 1912 1188 1945 confusio
1215 1910 1279 1948 re-'t

524 1976 592 1998 rum
618 1965 897 1998 ecclesiasticarum
921 1976 985 1999 non
1002 1966 1067 1999 sine
1085 1966 1260 1998 animarum

524 2018 694 2051 offensione
718 2024 747 2051 et
770 2019 910 2062 periculo
943 2020 1027 2052 nasei
1053 2020 1167 2053 soleat:
1193 2030 1279 2066 nos,¹

524 2071 715 2104 attendentes
733 2072 825 2116 quod,
851 2074 931 2105 inter
957 2072 1190 2116 alia‚oppidum
1216 2067 1279 2104 Li:

525 2124 739 2164 tomericcnse,
757 2125 842 2168 quod
860 2125 972 2158 fluvius
986 2126 1073 2159 Albis
1092 2125 1190 2165 alluit,
1205 2125 1261 2158 cir·
1278 2154 1279 2170 ,

524 2178 625 2211 cuitus
649 2178 687 2210 ad
712 2178 814 2211 minus
839 2184 974 2222 quatuor
998 2179 1190 2219 milliarium,
1219 2182 1262 2213 to-

524 2231 646 2274 tiusque
670 2232 779 2264 circuli
797 2233 1048 2266 Litomerieensis
1066 2237 1168 2277 caput,
1181 2233 1260 2265 anti-

523 2285 639 2329 quitate
663 2285 795 2327 celebre,
814 2287 979 2319 moenibus
1004 2287 1158 2327 cinctum,
1183 2288 1259 2320 caeli

524 2339 686 2372 clementia
711 2340 855 2380 salubre,
878 2341 1033 2373 fertilitate
1063 2341 1130 2383 agri
1162 2341 1260 2373 abun-

525 2391 620 2434 dans,
653 2393 866 2425 aedificiorum
899 2395 1092 2426 ornamentis
1129 2394 1257 2438 conspi-

525 2455 628 2484 cuum,
655 2446 866 2479 mercimoniis
892 2447 1098 2490 opulentum,
1128 2448 1203 2481 cleri
1231 2453 1260 2480 et.

524 2498 630 2541 populi
656 2499 852 2531 multitudine
882 2510 917 2533 ac
946 2500 1107 2533 nobilitate
1137 2501 1259 2543 insigne

525 2551 643 2590 existat,
661 2561 695 2583 ac
720 2551 749 2583 iu
771 2552 835 2584 eius
852 2554 1000 2596 pomeriis
1018 2555 1149 2588 ecclesia
1165 2555 1258 2588 colle-

525 2603 616 2646 giata,
628 2610 732 2638 sancto
744 2606 898 2650 Stephano
911 2609 1134 2653 protomartyri
1147 2609 1257 2653 dicata,

1304 210 1457 234 nouarum

1297 259 1334 290 sit
1359 257 1508 300 elegantis
1540 258 1738 297 structurae,
1768 256 1800 289 in
1833 266 1895 301 qua
1924 256 2036 290 adsunt

1298 311 1376 342 duae
1397 310 1571 352 dignitateS,
1595 310 1811 353 praepositura
1837 320 1897 343 usu
1924 310 2036 344 mitrae

1297 369 1327 395 et
1344 363 1445 395 baculi
1464 363 1620 405 insignita,
1634 363 1752 395 habens
1769 363 1800 395 in
1819 373 1923 396 annuo
1940 373 2036 397 censu

1298 415 1356 449 tria
1371 415 1469 447 millia
1482 415 1607 448 circiter
1621 415 1813 448 florenorum
1830 416 1952 448 illarum
1967 426 2036 459 par·

1299 469 1386 508 tium,
1411 474 1441 501 et
1465 468 1643 509 decanatus,
1656 480 1692 502 ac
1716 469 1857 502 nonnulli
1883 469 2034 510 canonici,

1298 532 1333 553 ac
1366 521 1538 554 sacrarium
1566 522 1645 555 bene
1674 522 1882 562 instructum,
1905 527 2031 556 sancto-

1298 585 1433 618 rumque
1463 575 1615 618 reliquiae
1644 575 1791 608 decenter
1814 580 2034 616 asservantur,

1298 627 1375 660 adeo
1400 631 1434 661 ut
1458 628 1607 672 oppidum
1633 628 1735 672 ipsum
1770 628 2035 671 Litomerieense‚

1299 680 1445 721 civitatis,
1470 686 1500 714 et
1523 681 1687 724 collegiata
1711 681 1840 715 ecclesia
1864 681 2035 724 praedicta,

1299 733 1487 766 cathedralis
1510 734 1648 775 nomine,
1665 734 1754 768 titulo
1769 739 1800 767 et
1816 734 2036 778 praerogativa

1281 784 1282 797 ¹
1299 787 1412 820 merito
1436 786 1580 820 decorari
1597 788 1725 831 possint,
1743 787 1837 831 idque
1854 797 1916 820 non
1933 787 2035 820 solum

1298 840 1484 874 venerabilis
1508 841 1604 874 frater
1634 849 1740 876 noster
1763 842 1914 874 Ernestus
1937 841 2032 874 Adat-

1298 894 1406 927 bertus
1431 894 1596 927 cardinalis
1613 895 1651 927 ab
1671 895 1811 928 Harrach
1830 894 1867 927 ad
1887 905 2035 939 praesens
2084 912 2088 913 ⁷

1297 947 1553 992 archiepiscopus
1586 948 1772 991 Pragensis,
1797 958 1906 981 verum
1941 948 2034 981 etiam

1297 1000 1478 1033 carissimus
1503 1001 1534 1033 in
1558 1001 1679 1035 Christo
1704 1001 1787 1034 filius
1815 1006 1922 1035 noster
1953 1001 2032 1034 Fer-

1296 1054 1450 1087 dinandus
1462 1054 1502 1087 111
1519 1055 1733 1088 Romanorum
1751 1060 1781 1088 et
1796 1055 1963 1088 Bohemiae
1979 1065 2034 1088 rex

1297 1107 1327 1139 in
1352 1107 1577 1151 imperatorem
1595 1108 1712 1141 electus
1729 1119 1930 1152 summopere
1954 1108 2034 1141 desi-

1296 1160 1426 1202 derent,
1455 1160 1519 1193 imo
1543 1171 1600 1204 pro
1625 1161 1685 1194 hoc
1714 1161 1804 1194 nobis
1828 1171 1899 1194 suas
1923 1171 2034 1205 preces

1296 1219 1505 1256 porrexerunt
1517 1212 1535 1256 ¹,
1564 1219 1595 1246 et
1626 1214 1807 1258 praemissis
1831 1220 1861 1247 et
1885 1214 1953 1247 aliis
1977 1224 2031 1247 ra-

1297 1266 1498 1300 tionabilibus
1523 1267 1624 1300 causis
1643 1267 1750 1302 habita
1770 1278 1865 1312 super
1888 1268 1937 1301 his
1962 1278 2033 1301 cum

1296 1321 1528 1354 venerabilibus
1552 1321 1703 1354 fratribus
1732 1322 1849 1354 nostris
1881 1322 1910 1355 S.
1937 1322 1971 1355 R.
1998 1321 2032 1355 E.

1296 1374 1506 1407 cardinalibus
1531 1376 1655 1408 matura
1687 1375 1922 1416 deliberatione,
1939 1375 1977 1408 de
1996 1375 2034 1408 il-

1296 1429 1400 1462 lorum
1426 1429 1579 1471 consilio,
1605 1435 1635 1463 et
1657 1430 1846 1473 apostolicae
1872 1430 2033 1474 potestatis

1296 1482 1511 1526 plenitudine,
1544 1493 1579 1516 ac
1611 1493 1647 1516 ex
1675 1487 1747 1517 voto
1779 1483 2033 1527 congregationis

1295 1536 1479 1569 eorumdem
1504 1537 1533 1570 S.
1558 1537 1592 1570 R.
1619 1537 1650 1569 Ε,
1677 1537 1882 1570 cardinalium
1907 1547 2035 1581 congre-

1295 1589 1428 1632 gationis
1452 1589 1490 1622 de
1524 1589 1729 1633 Propaganda
1759 1590 1855 1631 Fide,
1884 1590 2033 1634 oppidum

1295 1642 1492 1687 praedictum
1505 1644 1760 1684 Litomerieense‚
1781 1654 1852 1677 cum
1875 1649 1941 1677 toto
1964 1643 2031 1678 eius

1295 1699 1414 1733 circulo
1438 1703 1468 1732 et
1485 1699 1624 1732 ecclesiis
1641 1697 1885 1742 parochialibus,
1901 1698 2033 1742 aliisque

1296 1752 1326 1785 in
1351 1763 1388 1786 eo
1412 1752 1478 1785 sitis
1503 1752 1644 1796 oppidis,
1669 1751 1820 1794 terminis,
1847 1752 2032 1794 territoriis,

1296 1806 1416 1846 castris,
1441 1806 1522 1839 villis
1547 1810 1577 1839 et
1600 1805 1687 1848 locis,
1707 1815 1827 1839 necnon
1854 1806 1949 1847 clero,
1973 1816 2031 1850 po-

1295 1860 1380 1903 pulo,
1402 1858 1567 1903 personis,
1594 1869 1629 1891 ac
1653 1859 1862 1901 monasteriis,
1891 1859 2031 1893 ecclesiis

1295 1917 1325 1945 et
1347 1913 1407 1956 piis
1436 1912 1523 1954 locis,
1551 1922 1587 1945 ac
1611 1911 1772 1945 beneficiis
1796 1912 2029 1956 ecclesiasticis,

1295 1977 1366 1999 cum
1401 1967 1477 1999 cura
1507 1970 1536 1998 et
1560 1965 1626 1998 sine
1662 1967 1760 2006 cui'a,
1786 1965 1978 1998 secularibus
2001 1969 2032 2000 et

1296 2019 1479 2063 quorumvis
1492 2018 1637 2052 ordinum
1652 2018 1908 2061 regularibus,ab
1922 2019 2031 2052 eadem

1295 2072 1429 2106 dioecesi
1455 2072 1613 2115 Pragensi,
1638 2082 1760 2105 necnon
1784 2072 1890 2105 omnia
1914 2077 1944 2105 et
1967 2072 2030 2106 sin-

1295 2126 1369 2169 gula
1392 2126 1530 2166 fructus,
1556 2124 1710 2165 redditus,
1734 2129 1922 2168 proventus,
1946 2125 2030 2159 deci-

1296 2189 1372 2219 mas,
1397 2179 1487 2219 iura,
1519 2178 1721 2211 obventiones
1746 2183 1776 2211 et
1799 2179 2030 2219 emolumenta,

1295 2242 1373 2276 quae
1397 2231 1654 2275 archiepiscopus
1677 2231 1842 2274 Pragensis
1871 2242 1930 2275 pro
1954 2236 2032 2265 tem-

1294 2296 1370 2329 pore
1388 2285 1522 2318 existens
1540 2285 1571 2317 in
1585 2286 1718 2329 oppidis,
1736 2286 1836 2328 terris,
1851 2285 2028 2329 territoriis,

1295 2339 1414 2380 castris,
1428 2339 1508 2371 villis
1526 2343 1555 2371 et
1573 2339 1648 2371 locis
1665 2338 1701 2371 a²
1714 2339 1809 2379 clero,
1822 2339 1949 2383 populo,
1963 2349 2031 2383 per-

1295 2392 1379 2426 sonis
1407 2402 1443 2425 ac
1467 2392 1665 2425 monasteriis
1694 2397 1724 2424 et
1751 2392 1912 2425 beneficiis
1938 2402 2030 2436 prae-

1294 2446 1384 2479 dictis
1415 2446 1507 2478 etiam
1539 2446 1660 2479 ratione
1690 2446 1874 2479 visitationis
1899 2451 1929 2478 et
1951 2446 2030 2489 legis

1294 2500 1496 2533 dioecesanae
1520 2500 1683 2543 percipere
1707 2499 1889 2540 consuevit,
1920 2498 1958 2532 ab
1983 2509 2030 2532 ar-

1328 2574 1337 2598 t
1362 2572 1455 2607 Aptius
1474 2571 1532 2606 lege
1549 2571 1737 2606 porrexerint
1756 2572 1794 2606 (n.
1812 2570 1860 2606 ¹12).

1326 2617 1341 2644 ‘2
1355 2617 1452 2651 Praep.
1469 2624 1488 2644 α
1502 2623 1551 2643 uos
1565 2615 1688 2644 addimus
1701 2617 1738 2651 (n.
1754 2615 1802 2650 r).

2046 208 2095 237 An.
2116 207 2145 238 G.
2167 208 2236 240 ¹65⁵
