2185 3188
37 183 86 210 An.
103 181 132 208 C.
152 179 217 208 1656

84 1951 231 1973 Gonu-adicio-

50 1983 82 1999 res
90 1981 231 2005 compescant.

828 176 1015 201 ALEXANDER
1040 176 1084 199 vn
1110 175 1157 199 PP.

233 232 335 261 menta
359 226 537 259 authentica
552 253 559 266 ‚
584 226 774 269 scripturas,
800 224 898 256 libros
923 234 970 256 ra-

233 281 353 314 tionum
378 280 441 314 dati
466 286 496 313 et
520 280 649 323 accepti,
670 283 817 322 computa
835 283 864 310 ct
882 278 973 311 ratio-

233 334 313 367 cinia
336 334 565 378 perlustrandi,
590 332 798 376 inspiciendi,
827 342 973 375 perscru-

234 387 328 429 tandi,
347 387 533 431 praesertim
560 397 634 419 vero
659 384 891 418 sanctissimum
918 385 974 417 Eu-

233 441 399 475 charistiae
425 445 667 480 sacramentum,
693 449 797 471 sacras
816 437 974 481 reliquias,

233 500 283 536 et,
314 495 427 538 quibus
459 495 561 538 ipsum
587 492 844 536 augustissimum
871 501 974 523 saera-

234 554 386 590 mentum,
412 558 519 581 sacrae
544 546 695 590 reliquiae
721 551 747 578 et
776 555 825 577 res
853 544 891 577 ad
915 544 975 577 alia

234 603 442 636 ecclesiastica
467 606 663 635 sacramenta
687 599 879 644 pertinentes
901 609 974 632 con-

235 657 383 697 tinentur,
408 666 496 689 sacra
521 666 601 696 vasa,
627 653 768 698 pyxideS,
794 653 911 693 thecas,
936 657 976 684 ta-

234 711 413 751 bernacula,
437 720 559 743 necnon
580 708 771 748 indumenta,
792 711 977 740 ornamenta

235 770 264 797 et
289 764 507 804 instrumenta,
532 762 676 795 utensilia
697 767 726 794 et
749 760 977 804 supellectilem

235 817 491 857 ecclesiasticam,
502 815 596 849 etiam
615 815 797 859 pretiosam,
811 814 978 856 diligenter

235 877 265 904 ct
289 875 435 904 accurate
460 868 667 913 inspiciendi,
697 872 726 902 et
750 868 788 900 ad
819 866 978 911 praedicta

235 924 412 957 exhibenda
437 934 653 968 quascumque
674 932 825 966 personas
846 920 978 963 cogendi

236 985 266 1011 et
291 977 509 1022 compellendi,
529 988 563 1009 ae
583 977 613 1009 in
632 975 817 1020 praemissis
833 973 980 1008 omnibus

236 1037 267 1065 et
279 1032 410 1075 singulis
420 1040 640 1075 quaecumque
654 1029 863 1069 correctione,
877 1038 981 1061 emen-

236 1086 361 1120 datione
385 1090 415 1118 et
443 1084 666 1118 reformatione
691 1083 835 1126 indigere
860 1092 979 1125 cogno-

238 1139 344 1172 veritis
376 1137 577 1181 corrigendi,
602 1136 790 1170 emendandi
818 1140 848 1169 et
880 1136 979 1168 resor-

239 1192 353 1234 mandi,
378 1201 607 1236 processusque
629 1190 823 1223 necessarios
843 1189 980 1232 desuper
997 1192 998 1207 ³

239 1245 370 1279 faciendi
396 1251 426 1278 et
450 1245 541 1278 nobis
566 1243 733 1283 referendi,
754 1253 808 1275 seu
830 1243 914 1275 iuxta
934 1252 981 1275 or-

238 1299 414 1333 dinationes
437 1304 561 1331 nostras
587 1297 617 1329 in
642 1297 690 1330 his
715 1301 894 1340 opportune
912 1306 981 1339 pro-

241 1353 374 1393 videndi,
400 1352 555 1392 mandata,
581 1351 718 1391 decreta,
744 1355 859 1383 statuta
876 1354 905 1384 et
929 1360 999 1386 or-;

240 1407 415 1440 dinationes
439 1405 614 1439 executioni
637 1404 855 1444 demandandi,
875 1414 910 1436 ac
929 1414 982 1435 cu-

241 1461 350 1495 stodiri
364 1467 393 1494 et
406 1460 568 1494 observari
591 1458 814 1503 praecipiendi,
832 1458 981 1491 demum-

242 1526 303 1560 que
320 1514 425 1547 omnia
439 1513 497 1546 alia
514 1518 544 1545 et
557 1513 690 1555 singula,
708 1522 788 1555 quae
801 1511 982 1545 huiusmodi

242 1567 426 1602 visitationis
439 1566 613 1610 negotium,
631 1566 813 1599 ulteriorem
835 1575 984 1609 progres-

242 1632 328 1662 sum,
353 1620 586 1661 executionem,
612 1624 641 1652 et
666 1619 696 1651 in
721 1621 757 1651 ea
783 1619 862 1651 facta
886 1624 916 1651 et
940 1618 984 1650 sa-

243 1675 352 1709 cienda
378 1674 533 1714 mandata,
552 1673 688 1715 decreta,
705 1677 819 1705 statuta
844 1677 873 1705 et
898 1671 984 1705 ordi-

243 1729 384 1762 nationes
402 1731 597 1761 concernunt
610 1732 639 1759 et
657 1730 858 1766 concernent,
876 1736 930 1758 seu
947 1725 984 1758 ad

244 1793 279 1816 ea
304 1781 541 1827 quomodolibet
569 1786 707 1825 spectant
734 1786 763 1813 et
789 1780 1003 1824 spectabunt„

245 1837 387 1878 faciendi,
405 1835 545 1880 gerendi,
571 1834 755 1879 exequendi,
774 1834 940 1867 mandandi
957 1840 986 1867 et

245 1890 431 1930 ordinandi,

291 1944 306 1987 g
322 1943 350 1976 5.
367 1943 693 1986 Contradictoresque,
709 1948 738 1975 et
753 1942 842 1975 vobis
857 1942 886 1974 in
901 1952 988 1985 prae-

247 1997 349 2030 missis
382 1996 596 2029 inobedientes
632 2001 661 2030 et
695 1995 849 2036 rebelles,
879 1966 1006 2039 eisquel

247 2051 408 2092 auxilium,
434 2051 599 2084 consilium
627 2050 673 2083 vel
698 2049 1006 2093 savorem,pnblice2

248 2104 293 2137 vel
320 2105 451 2145 occulte,
469 2104 587 2137 directe
607 2104 651 2137 vel
674 2103 836 2144 indirecte,
857 2091 1007 2146 quomo-l

247 2158 366 2192 dolibet
390 2163 593 2202 praestantes,
619 2168 675 2202 per
699 2157 928 2201 suspensionis,
954 2166 1007 2190 ac*

248 2212 339 2245 ctiam
366 2211 548 2255 privationis
569 2210 795 2244 beneficiorum
821 2215 850 2243 et
875 2210 1007 2244 cilicio-¹

248 2275 318 2298 rum
346 2264 641 2304 ecclesiasticorum,
661 2275 696 2296 ac
716 2274 772 2308 per
795 2274 942 2297 censuras
961 2269 1007 2296 et³

248 2329 364 2363 poenas
390 2318 616 2351 ecclesiasticas
632 2324 661 2350 et
680 2318 878 2361 tciiipoi·;1leS‚
896 2318 988 2350 etiam
1005 2288 1008 2327 ⁴

249 2372 488 2416 mancipationis
514 2371 643 2412 carceri,
669 2372 790 2415 aliaque
811 2375 1008 2415 opportuna.

251 2426 326 2460 iuris
352 2431 381 2459 ct
406 2425 476 2459 sacti
503 2425 650 2465 remedia,
676 2425 886 2469 appellatione
912 2430 991 2468 post-

250 2479 363 2524 posita,
381 2478 611 2523 compescendi,
632 2479 846 2522 auxiliumque
868 2478 989 2511 brachii

251 2532 411 2574 secularis,
436 2533 460 2565 si
485 2543 567 2576 opus
591 2532 701 2574 suerit,
727 2532 903 2573 invocandi,
926 2532 1009 2576 ple-'

252 2595 338 2627 nam,
363 2585 510 2627 liberam,
536 2585 671 2629 amplam
699 2588 728 2619 et
752 2585 783 2618 in
808 2585 1011 2625 universum,

1652 163 1717 196 115

1007 223 1173 256 tribuimus
1182 226 1378 266 potestatem.
1390 221 1569 255 lllandantes
1579 227 1750 265 propterea

1006 276 1155 309 omnibus
1179 280 1209 309 et
1233 275 1383 318 singulis,
1409 275 1446 308 ad
1472 285 1550 318 quos
1576 278 1695 318 spectat
1719 279 1749 306 et

1007 329 1170 373 spectabit,
1197 339 1395 372 quacumspie
1420 329 1581 371 dignitate,
1610 327 1748 360 auetori-

1008 388 1078 423 tate,
1105 387 1257 427 potestate
1282 388 1312 414 et
1337 383 1583 425 praeeminentia
1608 381 1750 424 fulgenti-

1008 437 1075 477 bus,
1102 442 1134 469 ut
1150 436 1239 470 vobis
1260 440 1289 470 et
1309 436 1437 469 cuilibet
1455 441 1592 468 vestrum
1612 436 1640 467 in
1661 445 1749 479 prae-

1009 490 1110 522 missis
1124 490 1271 522 omnibus
1283 494 1311 521 et
1321 489 1453 531 singulis
1465 493 1607 532 prompte
1621 492 1750 532 pareant

1008 549 1038 575 ct
1062 543 1219 583 obediant,
1243 542 1384 585 alioquin
1408 542 1577 574 sententias
1598 542 1661 574 sive
1681 551 1752 585 poe-

1009 608 1074 638 nas,
1100 608 1177 640 quas
1202 597 1261 629 rite
1287 596 1420 630 tuleritis
1446 606 1501 628 seu
1527 595 1699 627 statueritis
1721 594 1751 626 in

1010 651 1153 691 rebelles,
1184 656 1266 683 ratas
1291 649 1496 689 habebimus,
1522 654 1549 681 et
1582 649 1751 689 faciemus,

1010 710 1139 737 auctore
1165 703 1308 743 Domino,
1327 713 1425 746 usque
1445 702 1483 734 ad
1509 701 1753 734 satisfactionem

1011 758 1198 801 condignam
1225 756 1447 789 inviolabiliter
1472 755 1646 787 observari.

1056 812 1071 855 ξ
1096 812 1125 844 7.
1150 812 1294 845 Ceterum
1322 810 1352 842 in
1377 809 1554 842 visitatione
1573 808 1753 841 huiusmodi

1012 866 1156 899 ordinem
1196 863 1436 909 praecedentiae
1469 863 1550 896 inter
1585 863 1753 904 ecelesias,

1014 919 1203 954 monasteria
1227 925 1257 952 et
1280 919 1350 952 loca
1374 927 1594 962 quaecumque
1619 927 1676 961 per
1702 927 1755 950 vos

1014 974 1176 1014 visitanda,
1189 978 1341 1017 quantum
1359 971 1525 1005 commode
1544 971 1610 1003 sieri
1629 970 1754 1014 poterit,

1014 1027 1133 1061 servari
1163 1027 1319 1067 volumus,
1345 1025 1422 1058 nulli
1453 1030 1557 1058 tamen
1586 1025 1755 1063 ecclesiae,

1015 1081 1205 1116 monasterio
1230 1081 1278 1113 vel
1308 1080 1396 1120 loco,
1422 1090 1479 1112 nec
1511 1079 1565 1111 ulli
1597 1078 1755 1123 capitulo,

1015 1135 1159 1178 collegio,
1177 1133 1356 1174 conventui,
1377 1132 1637 1173 confraternitati,
1654 1131 1757 1165 archi-

1015 1188 1262 1223 consraternitati
1294 1193 1347 1220 aut
1379 1197 1554 1230 personae,
1589 1190 1649 1220 tam
1682 1195 1757 1219 con-

997 1243 1145 1276 ,sinctim
1178 1252 1272 1286 quam
1308 1240 1453 1282 divisim,
1484 1251 1538 1272 seu
1573 1239 1648 1271 alias
1673 1249 1754 1283 quo<

1017 1296 1202 1336 nodolibet,
1231 1294 1371 1328 eiusdem
1401 1293 1587 1327 visitationis
1616 1293 1680 1325 sive
1712 1303 1759 1325 or-

1015 1350 1044 1383 di
1062 1350 1096 1383 *is
1119 1347 1300 1382 huiusmodi
1332 1347 1363 1380 in
1395 1347 1446 1379 illa
1478 1347 1591 1379 servati
1618 1346 1665 1378 vel
1696 1356 1759 1379 non

1016 1414 1060 1437 sei
1080 1403 1130 1436 tati
1155 1402 1331 1442 occasione,
1357 1401 1388 1433 in
1413 1401 1518 1445 aliquo
1544 1400 1637 1433 ctiam
1659 1398 1755 1431 mini—

1017 1468 1068 1490 mo
1091 1456 1189 1501 quoad
1217 1455 1471 1500 praecedentiam
1497 1454 1638 1497 aliasque
1666 1463 1759 1497 prae-

1017 1511 1174 1665 νος-ἶνας
1209 1520 1424 1555 quascumque
1459 1508 1692 1553 praeiudicari,
1725 1518 1759 1540 ac

999 1566 1089 1609 .quic
1125 1575 1184 1598 iam
1211 1564 1283 1598 novi
1308 1563 1386 1597 iuris
1406 1562 1538 1606 acquiri,
1560 1561 1760 1595 decernimus

1000 1624 1001 1651 ἶ
1019 1625 1047 1652 et
1072 1619 1090 1652 d

1119 1619 1279 1651 ‘alaramus

1063 1674 1078 1717 ἓ
1103 1668 1131 1705 7.
1158 1673 1322 1706 Praeterea
1348 1670 1509 1714 cupientes
1540 1669 1569 1702 in
1601 1667 1761 1712 praedicta

1001 1756 1003 1761 .
1019 1727 1127 1760 nostra
1154 1724 1301 1769 pastorali
1329 1723 1503 1757 visitatione
1520 1722 1698 1755 animarum
1717 1732 1762 1754 sa-

1020 1780 1086 1822 luti,
1111 1784 1263 1823 quantum
1290 1778 1320 1810 in
1344 1777 1435 1810 nobis
1460 1780 1515 1816 est,
1541 1776 1700 1820 prodesse,
1727 1785 1762 1808 ac

1002 1833 1114 1868 xetiam
1140 1832 1322 1876 corporales
1347 1831 1461 1864 Christi
1481 1840 1657 1874 pauperum
1677 1839 1764 1873 prae-

1021 1888 1130 1921 sertim
1167 1886 1368 1919 intirmorum
1407 1885 1594 1927 indigentias
1633 1884 1765 1928 paterna

1021 1941 1173 1975 charitate
1197 1939 1374 1979 sublevare,
1401 1937 1679 1981 circumspectioni
1704 1947 1763 1969 vc-

1022 2001 1104 2028 strae
1127 1999 1157 2027 et
1178 1997 1316 2026 vestrum
1339 1992 1465 2025 cuilibet
1493 1990 1706 2035 praesentium
1722 2000 1766 2022 se-

1023 2049 1068 2082 rie
1094 2047 1290 2087 mandamus,
1316 2052 1348 2079 ut
1366 2045 1558 2080 coniunctim
1578 2045 1623 2077 vel
1639 2044 1763 2077 divisim

1023 2103 1189 2147 parochias
1220 2101 1425 2135 ecclesiarum
1460 2100 1627 2142 diligenter
1656 2098 1764 2142 perlu-

1024 2162 1123 2189 strare
1151 2166 1186 2189 ac
1211 2155 1396 2199 perquirere
1421 2153 1580 2193 studeatis,
1605 2157 1698 2195 atque
1718 2162 1766 2184 ea-

1025 2220 1094 2242 rum
1120 2219 1275 2252 pauperes
1301 2208 1444 2240 infirmos
1473 2206 1610 2249 graviter
1639 2205 1767 2238 decum-

1024 2263 1132 2296 bentes
1158 2263 1300 2305 singulos
1324 2266 1433 2294 nostro
1459 2260 1585 2293 nomine
1615 2259 1766 2299 visitetis,

1025 2320 1053 2350 et
1078 2316 1282 2360 apostolicam
1304 2320 1334 2348 et
1354 2320 1493 2348 nostram
1518 2314 1562 2346 cis
1579 2313 1770 2346 benedictio-

1025 2380 1115 2410 ncm,
1141 2373 1173 2403 ut
1198 2369 1295 2403 moris
1321 2374 1381 2409 est,
1406 2368 1500 2401 semel
1531 2366 1768 2411 impartiamini,

1025 2434 1142 2468 cosque
1178 2423 1318 2467 paternis
1354 2422 1480 2455 monitis
1516 2427 1545 2454 et
1578 2420 1768 2453 salutaribus

1007 2477 1295 2531 ,consolationibus
1321 2477 1479 2517 recreatis,
1499 2476 1659 2509 hortantes
1674 2476 1767 2518 ipsos,

1027 2537 1060 2565 ut
1078 2532 1107 2565 in
1123 2531 1298 2564 humilitate
1320 2536 1350 2563 et
1363 2530 1511 2574 patientia
1525 2535 1656 2573 propter
1671 2529 1768 2561 Deum

1026 2585 1169 2629 corporis
1202 2584 1419 2618 infirmitatem
1454 2589 1483 2616 et
1515 2583 1640 2618 dolores
1677 2581 1769 2616 susti-

1763 172 1811 198 An.
1832 171 1860 198 C.
1880 172 1947 199 165ss

1798 822 1878 842 Nullum
1893 823 1957 842 aheni

1779 849 1946 874 prswceilentiae

1772 882 1803 897 tus
1814 878 1946 902 amputatur.

1812 1678 1905 1699 tatianos
1934 1678 1961 1698 ad

1776 1708 1902 1731 patientiam
1913 1705 1961 1725 bor-

1778 1735 1854 1753 tentur,
