2243 3205
277 241 324 266 An,
346 239 374 266 C.
398 239 463 265 tons

290 1311 358 1331 Teum·
370 1311 458 1331 decreti.

305 2322 435 2347 Supplimliu

509 230 572 261 atu

475 286 655 320 monasticis
674 287 731 319 una
748 296 817 318 cum
837 284 929 318 sociis
948 284 1137 326 eximuntur,
1153 285 1231 334 ina-'3

474 350 597 383 guoque
624 339 825 382 sibimetipsis
852 344 921 370 sunt
962 338 1149 370 detrimento
1178 338 1232 403 acl

474 393 542 424 aliis
568 392 714 424 seandalo
736 397 760 423 et
789 391 826 423 ad
848 391 959 423 similia
985 391 1142 434 exemplo)
1169 401 1214 423 ea-

473 445 606 488 pitulum
644 444 790 487 generale
828 444 928 476 dictae
962 442 1233 486 congregationis}

477 497 642 530 l'allisolrti
663 497 712 529 die
729 508 744 529 x
769 497 840 529 maii
867 506 985 530 MDCLttl
1011 486 1233 536 eelelu·atuiu,l

475 550 512 582 ad
540 550 692 583 tollendos
710 551 826 582 abusus
847 549 1039 589 huiusmodi,
1059 559 1117 592 pro
1136 559 1215 581 sum-
1233 550 1234 590 g

477 613 527 636 mo
545 603 658 643 studio,
675 613 736 646 quo
755 603 957 646 congregatio
977 602 1115 646 praefata
1136 609 1234 634 sem-

476 668 531 700 per
557 656 708 698 incubuit,
730 661 763 688 ut
783 656 898 689 dictum
926 655 1160 696 monasterium,
1180 666 1214 687 ex

475 721 537 753 quo
557 710 585 742 in
604 710 723 754 reliqua
750 716 940 743 i‘nei‘noratae
963 709 1215 752 congregationis

476 764 663 797 monasteria
676 763 840 796 sanctioris
854 763 1035 806 discqilinae
1050 762 1135 794 initia
1147 772 1215 805 pro·
1232 784 1233 795 i

475 816 624 857 diuntur‚
651 816 787 855 ieiunio,
813 816 980 849 solitudine
1007 826 1023 848 a
1048 814 1233 847 mundanis

474 869 618 912 negotiis,
639 869 786 912 despectu
812 869 979 910 honorum⁷
1000 872 1038 909 et,
1058 867 1140 911 quod
1159 878 1212 899 no-

474 923 555 955 ritiis
581 928 665 955 recte
692 923 881 955 instruendis
908 923 1040 955 maxime
1057 920 1232 963 conducit,¹

475 977 702 1009 monachorum
733 977 761 1009 in
788 987 824 1010 eo
850 977 1066 1020 professorum
1093 975 1233 1019 optimo)

474 1030 627 1074 exemplo,
654 1030 777 1062 assidua
805 1030 892 1062 chori
918 1028 1167 1072 frequentatione
1186 1033 1211 1059 et
1232 1056 1233 1061 ,

473 1084 604 1115 aliarum
650 1083 922 1115 observantiarum
971 1081 1213 1114 monasticarum
1232 1095 1234 1127 ³.

474 1137 623 1170 contiuuo
657 1136 806 1169 exercitio
842 1141 991 1179 quamum
1019 1136 1085 1168 sieri
1111 1140 1216 1178 posset

474 1191 612 1231 floreret,
637 1189 797 1223 decretum
823 1189 918 1222 edidit
946 1189 1062 1223 tenoris
1095 1188 1146 1232 qui
1173 1199 1215 1220 se-

474 1244 592 1287 quitur,
619 1243 779 1276 videlieet:
1232 1249 1234 1262 ¹

518 1297 533 1339 ξ
557 1296 586 1329 02.
613 1310 623 1327 <i
642 1296 716 1329 Item
732 1296 768 1329 ad
791 1295 1039 1329 conservandum
1055 1295 1215 1338 singulare

475 1350 550 1382 illud
576 1350 712 1382 studium
738 1349 850 1382 silentii
877 1354 905 1383 et
930 1349 1021 1392 fugae
1046 1349 1214 1386 honorum,

475 1404 556 1447 quod
583 1414 707 1447 semper
726 1403 824 1446 riguit
845 1403 873 1435 in
900 1403 996 1446 regali
1024 1401 1214 1435 monasterio

474 1457 503 1490 S.
523 1457 679 1490 Benedicti
695 1457 925 1498 Vallisoletano,
944 1456 1027 1488 sonte
1046 1460 1075 1487 et
1092 1454 1215 1498 origine

475 1511 569 1543 totius
594 1510 687 1543 liuius
713 1509 955 1551 reformationis7
974 1508 1137 1541 definitum
1159 1513 1215 1548 est,

474 1563 557 1608 quod
580 1564 683 1596 nullus
702 1563 874 1596 monachus
898 1563 981 1595 illius
1005 1562 1098 1606 possit
1118 1561 1216 1595 susei-

474 1628 548 1661 pere
566 1617 664 1650 ullum
691 1617 823 1660 gradum
847 1616 875 1648 in
893 1615 1096 1649 universitate
1116 1615 1215 1648 dictae

474 1671 616 1711 civitatis,
640 1681 740 1714 neque
766 1676 882 1714 petere,
900 1675 951 1702 aut
971 1669 1160 1702 contendere
1178 1668 1215 1701 de

474 1724 632 1757 cathedris
657 1724 753 1763 illius;
779 1729 872 1768 atque
905 1734 992 1756 mens
1014 1728 1059 1756 cst
1084 1733 1216 1766 congre-

475 1778 619 1822 gationis,
636 1777 719 1822 quod
742 1778 819 1811 haec
844 1777 984 1810 definitio
1010 1776 1217 1810 confirmetur

475 1842 639 1876 quousque
672 1832 732 1864 vim
765 1831 844 1874 legis
869 1830 1018 1871 obtineat,
1044 1835 1072 1863 et
1097 1835 1216 1873 praete-

477 1896 529 1918 rea
546 1885 688 1920 concedit
706 1885 789 1919 dicto
807 1885 998 1918 monasterio
1011 1884 1039 1917 S.
1058 1883 1214 1917 Benedicti

476 1939 653 1972 facultatem
673 1938 833 1972 obtinendi
852 1949 869 1971 a
886 1938 947 1971 Sua
965 1937 1133 1970 Sanctitate
1150 1936 1217 1968 bul-

477 1993 549 2034 lam,
567 2004 628 2036 qua
652 1993 713 2026 hoc
738 1992 900 2025 decretum
922 1991 1098 2032 confirmet,
1124 1995 1216 2033 atque

478 2046 615 2078 inhibeat
647 2056 685 2078 ne
718 2046 782 2079 ullo
813 2055 950 2089 unquam
975 2050 1117 2088 tempore
1142 2053 1234 2079 con-¹

476 2099 619 2142 gregatio
640 2099 739 2143 possit
757 2099 786 2131 iu
805 2109 841 2131 eo
858 2099 1051 2142 dispensare,
1073 2102 1123 2130 aut
1141 2106 1215 2140 por-

477 2158 538 2185 tam
570 2152 692 2196 aperire
725 2151 871 2196 praefatis
903 2150 1155 2185 contentionibus
1180 2151 1217 2183 dc

477 2206 634 2238 cathedris
649 2205 838 2246 obtinendis,
852 2210 903 2238 aut
917 2204 1067 2248 gradibus
1088 2204 1116 2236 in
1131 2215 1217 2248 prae-
1233 2232 1235 2235 .

477 2260 536 2291 sata
556 2259 760 2293 universitate
780 2258 985 2302 suscipiendis
1012 2270 1039 2290 9.

521 2312 535 2356 ξ
559 2314 588 2346 3.
613 2313 689 2346 Cum
715 2317 831 2354 autern,
856 2312 936 2345 sieut
961 2311 1069 2344 eadem
1095 2310 1216 2355 exposi-

477 2367 519 2400 tio
535 2366 754 2410 subiungebat,
769 2365 973 2408 congregatio
987 2365 1145 2408 praedicta
1158 2365 1216 2398 alia

476 2425 546 2453 octo
568 2420 700 2462 collegia
725 2419 923 2452 instituendis
952 2419 983 2451 in
1012 2419 1169 2461 theologia
1188 2424 1217 2451 et

475 2473 675 2517 philosophia
715 2472 876 2506 monachis
908 2472 1060 2505 destinata
1084 2472 1216 2515 habeat,

475 2527 639 2570 dictusque
658 2526 841 2559 Benedictus
858 2531 1047 2570 procurator
1061 2525 1217 2569 generalis

476 2580 637 2614 decretum
654 2581 897 2624 praeinsertum,
911 2591 968 2624 pro
982 2579 1115 2612 firmiori
1135 2579 1217 2611 illius

477 2634 673 2669 sul,·sisteiitia
702 2640 728 2667 et
755 2633 995 2669 observatione,
1027 2633 1216 2676 apostolieae

1059 235 1236 260 armanum
1262 234 1415 258 nomnen

1248 281 1495 315 confirmationis
1516 285 1641 314 nostrae
1660 280 1773 313 robore
1798 279 1987 313 communiri

1248 345 1451 378 smumopcre
1466 333 1637 367 desideret:
1657 344 1722 376 nos,
1738 334 1840 377 ipsum
1858 332 1987 366 Benedi-

1248 393 1330 423 ctum
1348 394 1585 432 procuratorem
1604 387 1783 430 generalem
1802 386 1988 431 specialibus

1250 442 1407 474 sarni-ibus
1422 447 1446 472 et
1471 440 1578 483 gratiis
1596 440 1743 483 prosequi
1763 439 1910 479 volentes,
1928 444 1955 471 et
1973 449 1989 471 a

1250 491 1990 538 quibusvisexcommunicationis,suspensionis

1250 553 1276 581 et
1298 547 1465 587 interdicti,
1486 546 1617 590 aliisque
1635 545 1854 579 ecclesiasticis
1872 549 1992 577 senten-

1252 602 1311 643 tiis,
1339 600 1479 633 censuris
1501 606 1528 632 et
1547 600 1666 643 poenis,
1684 610 1700 632 a
1715 599 1782 632 iure
1798 598 1845 631 rel
1871 598 1909 630 ab
1935 598 1991 631 ho-

1233 655 1345 704 ]-mine,
1375 654 1484 697 quavis
1515 653 1680 686 occasione
1707 653 1752 685 vel
1780 653 1873 685 eausa
1898 651 1990 692 latis,

1251 708 1273 739 si
1294 707 1408 751 quibus
1433 706 1673 750 quomodolibet
1695 705 1860 738 innodatus
1877 704 1991 746 existit,

1252 760 1288 793 ad
1311 761 1455 792 etl'ectiun
1482 759 1693 803 praesentium
1709 759 1869 792 dumtaxat
1886 768 1992 791 conse-

1250 813 1420 857 quendum,
1438 813 1549 845 harum
1569 813 1649 845 serie
1667 812 1863 845 absolventes
1888 816 1915 844 et
1939 811 1993 843 ab·

1231 867 1386 899 *solutum
1415 866 1479 899 t'ore
1509 870 1685 906 censentes,
1711 864 1992 909 supplicationibus

1249 919 1315 951 eius
1348 919 1476 951 nomine
1510 919 1601 952 nobis
1627 929 1720 962 super
1745 918 1805 952 hoc
1829 917 1992 951 humiliter

1250 973 1403 1016 porrectis
1437 972 1585 1011 inelinatI,
1606 972 1644 1005 (le
1677 971 1903 1004 venerabilium
1933 970 1992 1003 sra-

1251 1030 1331 1060 trum
1358 1031 1540 1059 nostrorum
1566 1025 1594 1058 S.
1611 1026 1644 1058 lt.
1664 1026 1695 1057 E.
1715 1024 1922 1058 cardinalium
1942 1033 1993 1056 ne-

1249 1081 1341 1123 gotiis
1365 1086 1391 1113 et
1420 1080 1700 1113 consultationibus
1720 1079 1941 1123 episcoporum
1962 1083 1992 1111 et

1251 1134 1443 1176 regularium
1462 1133 1717 1178 praepositorum
1734 1132 1877 1173 consilio,
1891 1136 1991 1164 atten-

1251 1187 1287 1219 tis
1302 1187 1446 1228 narratis,
1462 1187 1491 1219 in
1506 1186 1686 1231 praemissis
1704 1186 1851 1230 precibus
1868 1196 1885 1218 a
1901 1184 1992 1218 nobis

1250 1241 1286 1273 :ul
1302 1241 1578 1284 congregationem
1595 1240 1799 1273 cardinalium
1814 1238 1991 1284 praedicto-

1251 1305 1318 1326 rum
1337 1295 1486 1335 remissis,
1505 1304 1601 1338 reque
1626 1304 1682 1337 per
1707 1293 1833 1326 eosdem
1853 1292 1991 1326 cardina-

1250 1347 1293 1379 les
1312 1353 1433 1380 mature
1456 1347 1608 1387 discussa,
1630 1347 1861 1390 praeinscrtum
1884 1345 1992 1378 decre-

1251 1406 1314 1433 tum
1329 1406 1358 1433 et
1379 1400 1483 1433 omnia
1506 1400 1536 1432 in
1555 1410 1591 1433 eo
1613 1405 1757 1433 contenta
1773 1405 1932 1443 tamquam
1948 1408 1993 1431 re-

1232 1461 1233 1466 *
1251 1454 1379 1497 ligiosac
1398 1454 1626 1487 monachorum
1642 1453 1878 1498 praedictorum
1894 1451 1991 1498 quieti

1250 1511 1279 1538 et
1307 1507 1475 1541 humilitati
1497 1507 1654 1552 perutilia,
1685 1506 1858 1551 apostolica
1883 1509 1991 1538 aucto-

1250 1560 1358 1601 ritate,
1386 1566 1494 1594 tenore
1518 1561 1751 1604 praesentium,
1777 1558 1991 1604 approbamus

1250 1619 1279 1645 et
1311 1614 1554 1654 confirmamus,
1580 1613 1703 1646 sublata
1734 1612 1916 1646 omnimoda
1941 1612 1990 1645 sa-

1250 1668 1362 1702 cultate
1382 1671 1442 1702 tam
1460 1666 1698 1710 congregationi
1716 1666 1848 1699 fratrum
1867 1665 1992 1699 Ordinis

1251 1721 1449 1762 huiusmodi,
1473 1732 1566 1766 quam
1600 1721 1740 1765 ipsorum
1771 1719 1991 1764 superioribus

1251 1786 1309 1819 pro
1331 1781 1483 1819 tempore,
1501 1785 1596 1818 super
1611 1774 1779 1818 praedictis
1798 1783 1852 1806 seu
1879 1783 1992 1806 eorum

1250 1829 1356 1872 aliquo
1373 1828 1584 1872 dispensandi,
1602 1828 1649 1861 vel
1675 1827 1765 1860 aliter
1782 1826 1990 1867 decernendi;

1250 1892 1422 1926 omnesque
1441 1887 1501 1915 tam
1524 1882 1600 1915 iuris
1625 1892 1719 1926 quam
1743 1882 1814 1914 sacti
1842 1880 1991 1921 defectus,

1251 1936 1275 1968 si
1300 1936 1352 1979 qui
1379 1936 1481 1968 forsan
1508 1934 1758 1976 intercesserint,
1784 1934 1990 1978 supplemus;

1251 1989 1334 2021 salva
1368 1999 1494 2032 semper
1530 1989 1559 2021 in
1593 1988 1776 2033 praemissis
1805 1987 1992 2021 auctoritate

1251 2048 1442 2075 memoratae
1461 2041 1715 2085 congregationis
1729 2040 1945 2074 cardinalium.

1295 2096 1309 2139 ξ
1328 2095 1351 2127 t..
1367 2095 1574 2128 Deeernentes
1595 2094 1718 2127 easdem
1740 2098 1921 2139 praesentes
1941 2093 1992 2126 lit-

1251 2153 1333 2181 teras
1358 2159 1482 2191 semper
1507 2148 1624 2189 sirmas,
1649 2147 1766 2180 validas
1791 2152 1821 2180 et
1849 2146 1992 2180 efficaces

1252 2203 1385 2236 existere
1403 2207 1432 2235 et
1447 2202 1523 2243 sore,
1544 2213 1579 2235 ae
1602 2202 1640 2235 ab
1665 2201 1812 2235 omnibus
1835 2206 1863 2234 ct
1890 2201 1992 2245 singu-

1251 2256 1298 2297 lis,
1323 2256 1360 2289 ad
1381 2266 1459 2300 quos
1483 2261 1601 2300 spectat
1632 2261 1662 2289 et
1678 2266 1738 2300 pro
1763 2261 1905 2299 tempore
1922 2265 1992 2300 spe·

1251 2310 1355 2349 ctabit,
1381 2309 1602 2343 inviolabiliter
1627 2309 1808 2350 observari,
1828 2309 1936 2354 sieque
1961 2309 1993 2341 in

1251 2363 1432 2408 praemissis
1456 2374 1514 2407 per
1530 2374 1746 2408 quoscumque
1764 2363 1884 2396 iudices
1908 2363 1994 2396 ordi-

1250 2418 1356 2450 narios
1374 2422 1402 2450 ct
1416 2417 1585 2460 delegatos,
1601 2417 1692 2451 etiam
1707 2427 1873 2450 causarum
1886 2415 1993 2461 palatii

1250 2471 1413 2514 apostolici
1428 2471 1598 2512 auditores,
1615 2470 1747 2504 iudicari
1762 2476 1790 2504 et
1805 2469 1928 2503 definiri
1942 2469 1994 2503 de·

1250 2524 1335 2567 bere,
1361 2535 1397 2558 ac
1417 2525 1541 2558 irritum
1568 2530 1598 2557 ct
1621 2525 1721 2566 inane,
1739 2524 1763 2558 si
1789 2535 1879 2558 secus
1897 2534 1992 2568 super

1250 2578 1298 2611 his
1317 2588 1333 2610 a
1359 2589 1528 2622 quoquam,
1547 2578 1656 2622 quavis
1676 2578 1871 2617 auctoritate,
1893 2577 1992 2610 scien-

1250 2637 1297 2664 ter
1322 2632 1367 2663 vot
1393 2632 1586 2673 ignoranter,
1612 2631 1778 2674 contigerit
1802 2630 1956 2663 attentari.

1999 231 2049 258 An.
2065 230 2095 258 C.
2116 231 2182 260 1658

2008 2131 2012 2135 ⁸
2039 2131 2042 2134 ,
2079 2103 2188 2126 Decretum

2007 2133 2099 2152 irritans.
