2243 3205
61 184 120 214 ,Am
136 183 163 209 C.
189 181 256 208 1660

151 1630 263 1651 Confirmat

82 1656 195 1685 praedicta.

115 2270 230 2293 Clausulam

160 2483 271 2508 Ilurngalio

94 2513 247 2532 contrariorum.

867 177 1050 203 ALEXANDER
1075 177 1120 201 VII
1144 177 1191 201 PP.

268 228 348 261 dicta
365 227 539 271 superioris
560 227 714 270 regularis
735 236 907 259 consensus
927 236 1011 258 acce-

268 281 330 321 dat,
356 281 420 324 qui,
439 281 463 313 si
485 280 650 314 commode
669 286 698 313 et
718 280 836 323 absque
855 279 1011 323 regularis

268 334 454 379 disciplinae
481 334 670 368 detrimento
696 334 764 367 sieri
789 334 897 378 possit,
923 333 1009 365 illum

269 388 449 431 praestabit.
469 388 650 421 Praedictus
664 387 872 421 confessarius
890 386 921 419 in
934 386 1012 419 loeis

270 442 301 474 in
326 441 440 486 quibus
471 441 702 475 recollectionis
736 446 908 474 conventus
940 439 1030 473 exii-¹

271 496 353 537 terit,
375 496 406 529 in
431 496 516 540 ipso,
541 506 604 529 non
628 501 731 529 autem
758 501 846 529 extra
867 495 1013 534 claustra,

271 555 497 583 commoretur.

315 613 389 636 xvn.
413 602 571 642 Quatenus
596 608 748 647 patronus
773 602 834 634 dux
865 612 924 646 pro
941 606 1015 634 tem-

270 666 348 700 pore
372 656 446 688 velit
477 655 508 688 in
533 655 610 689 locis
642 655 699 687 sibi
725 654 874 688 subiectis
898 665 1013 688 novum

272 709 497 742 monasterium
523 709 655 741 fratrum
674 712 727 742 aut
747 708 930 741 monialium
959 707 1015 741 Or-

272 763 354 796 dinis
371 761 602 795 recollectionis
621 761 762 801 fundare,
787 772 823 794 ex
849 766 923 794 tunc
943 770 1015 794 cen-

273 822 378 850 seatur
415 815 540 849 habitus
576 820 605 848 et
641 815 809 859 praestitus
845 824 1016 848 consensus

273 865 497 914 quantum'ad
529 868 784 902 recollectionem
812 872 948 912 spectat3
975 867 1017 899 ita

273 929 379 957 tamen
402 929 437 957 ut
461 924 493 956 in
518 922 646 967 reliquis
671 927 836 956 serventur
861 921 1013 954 constitu-

274 978 375 1012 tiones
389 978 537 1012 Bonisacii
552 977 629 1018 vttt,
649 976 815 1011 Clementis
832 975 908 1015 VIII,
923 980 1017 1018 atque

275 1032 392 1071 Urbani
408 1033 483 1073 VIII,
501 1032 705 1065 Suminorum
721 1030 917 1071 Pontificum,
941 1029 1014 1061 alia-

274 1097 334 1130 que
359 1091 454 1131 prout
470 1086 508 1119 de
533 1086 602 1118 iure
619 1085 702 1118 circa
723 1084 936 1117 fundationem
963 1093 1018 1115 no-

275 1151 387 1173 vorum
414 1145 625 1174 conventuum
651 1138 835 1182 requiritur.

319 1194 334 1238 g
358 1193 387 1227 ⁶2.
405 1193 480 1227 Cum
499 1198 614 1233 autem,
633 1192 712 1228 sicut
735 1191 844 1225 eadem
862 1190 1018 1234 expositio

274 1247 505 1290 subiungebat,
542 1245 714 1290 praemissa
741 1245 769 1277 in
795 1244 891 1277 divini
917 1243 1019 1276 cultus

275 1305 489 1344 augmentum,
500 1300 664 1343 dictaeque
678 1297 932 1342 congregationis
949 1307 1019 1341 pro-

276 1365 421 1397 gressum
454 1354 516 1387 sint
551 1363 697 1393 cessura,
722 1351 813 1385 nobis
849 1356 1018 1395 propterca

276 1407 378 1441 dictus
391 1407 545 1440 Antonius
563 1405 726 1439 humiliter
747 1404 918 1448 supplicari
936 1403 1018 1445 fecit,

276 1465 311 1495 ut
334 1461 470 1505 desuper
502 1465 681 1504 opportune
716 1458 885 1503 providere
922 1462 952 1490 et
989 1461 1021 1491 ut

278 1514 359 1547 infra
376 1514 540 1557 indulgere
573 1513 610 1546 de
631 1512 824 1555 benignitate
848 1511 1019 1555 apostolica

278 1567 494 1611 dignaremur.

323 1621 338 1664 ἓ
354 1619 383 1654 3.
402 1621 464 1654 Nos
482 1620 589 1663 igitur,
604 1619 749 1652 eumdem
765 1617 933 1651 Antonium
951 1627 1021 1661 spe-

278 1675 411 1708 cialibus
432 1670 591 1708 saroribus
621 1672 651 1707 et
671 1673 790 1717 gratiis,
814 1677 883 1712 etc.‚
908 1672 1018 1704 liuius-

278 1727 364 1761 modi
389 1726 670 1772 supplicationibus
695 1726 844 1765 inclinati,
870 1725 907 1758 de
936 1735 1023 1757 vene-

278 1781 426 1815 rabilium
444 1782 576 1814 fratrum
594 1786 776 1814 nostrorum
802 1779 831 1812 S.
850 1780 883 1812 R.
905 1779 937 1811 E.
956 1789 1022 1811 car-

279 1836 430 1869 dinalium
456 1835 583 1870 Concilii
615 1834 788 1868 Tridentini
815 1834 1022 1877 interpretum

280 1890 422 1932 consilio,
441 1889 600 1933 praedicta
625 1888 730 1922 omnia
756 1887 874 1920 indulta
899 1890 928 1920 et
953 1896 1021 1918 res-

280 1944 401 1988 pective
433 1942 655 1976 conventiones
680 1941 774 1975 modo
806 1940 1024 1984 suprascripto

281 2003 440 2031 correctas
465 2003 495 2029 et
519 1997 715 2035 reformatas,
732 1995 917 2028 auctoritate
943 2004 1021 2038 apo-

282 2051 402 2091 stolica,
431 2056 539 2084 tenore
571 2049 797 2094 praesentium,
823 2047 1026 2081 concedimus

282 2109 313 2137 et
337 2104 510 2148 respective
535 2103 765 2147 approbamus3
791 2102 875 2135 salva
902 2111 1045 2145 semper»

283 2159 315 2192 in
347 2157 529 2202 praemissis
554 2156 739 2190 auctoritate
772 2155 1045 2198 congregationis*

284 2208 501 2245 cardinalium.

329 2266 344 2309 ἓ
369 2265 398 2297 lt.
424 2265 649 2306 Decerncntes,¹
668 2269 736 2306 etc.‚
765 2263 872 2306 sicque
891 2262 921 2294 in
939 2272 1026 2305 prae-

285 2318 388 2352 missis
408 2329 464 2362 per
479 2328 695 2362 quoscumque
720 2316 838 2349 iudices
853 2315 1029 2349 ordinarios

286 2377 316 2405 et
340 2372 511 2414 delegatos,
530 2377 600 2411 etc.‚
622 2381 658 2403 ac
684 2370 807 2402 irritum
835 2372 864 2402 et
882 2368 983 2409 inane,
1005 2368 1028 2400 si

286 2435 386 2465 secus,
410 2430 485 2464 etc.‚
503 2423 671 2466 contigerit
697 2422 851 2456 attentari.

331 2478 345 2521 ἓ
370 2477 398 2510 5.
426 2477 494 2511 Non
522 2476 718 2510 obstantibus
747 2474 1031 2514 constitutionibus,

287 2535 356 2570 etc.‚
381 2540 514 2571 necnon,
534 2536 687 2574 quatenus
715 2539 793 2573 opus
822 2528 876 2569 sit,
902 2538 1033 2570 congre-

289 2585 422 2628 gationis
448 2590 475 2616 et
502 2584 681 2628 provinciae
707 2581 892 2615 Andalusiae
925 2581 1051 2625 liuius-³

1045 225 1139 265 modi,
1165 235 1337 268 earumque
1363 228 1573 258 conventuum
1593 223 1788 267 quorumvis,

1045 278 1136 310 etiam
1158 278 1345 319 iuramento,
1364 277 1602 311 confirmatione
1616 275 1788 320 apostolica

1045 331 1092 364 vel
1119 331 1228 375 quavis
1253 330 1401 364 firmitate
1426 331 1486 363 alia
1505 330 1672 369 roborati&
1693 334 1789 361 statu-

1046 385 1094 425 tis,
1121 390 1189 425 etc.;
1208 384 1323 428 quibus
1339 384 1486 417 omnibus
1505 390 1534 417 ct
1558 383 1699 427 singulis,
1720 388 1789 422 etc.‚

1046 438 1084 471 ad
1101 438 1348 482 praemissorum
1368 437 1525 477 effectum,
1543 437 1601 470 liae
1619 437 1686 469 vice
1704 436 1791 469 dum-

1048 497 1129 525 taxat
1158 491 1334 535 specialiter
1359 497 1389 524 et
1414 502 1559 535 expresse
1585 491 1789 533 derogamus;

1031 547 1222 590 ,ceterisque
1247 545 1413 578 contrariis
1438 545 1700 589 quibuscumque.

1062 612 1065 615 ·
1092 600 1203 632 Datum
1233 599 1360 641 Romae,
1387 599 1471 642 apud
1492 598 1520 631 S.
1543 598 1672 631 Mariam
1698 597 1791 630 Maio-

1031 664 1126 694 ,rem‚
1153 653 1210 686 sub
1237 653 1353 686 annulo
1375 652 1552 694 Piscatoris⁷
1570 652 1619 684 die
1633 662 1664 684 tx
1683 651 1791 695 aprilis

1049 717 1162 749 MDCLX,
1185 706 1389 750 pontificatus
1409 706 1509 739 nostri
1535 716 1616 738 anno
1643 705 1689 737 v‘.

1086 770 1142 797 Dat.
1165 769 1208 796 die
1227 768 1243 795 9
1263 768 1356 804 aprilis
1379 768 1454 802 1860,
1477 767 1572 803 pontif.
1593 775 1663 795 anno
1684 775 1708 794 v.

1368 910 1488 944 CCXCl.

1051 993 1246 1037 Prorogyatio
1271 992 1482 1025 concessionis
1506 991 1674 1034 fructuum
1696 991 1795 1023 unius

1095 1047 1214 1080 mensis
1254 1045 1462 1079 ecclesiarum
1502 1049 1530 1078 et
1571 1044 1795 1087 beneficiorwn

1095 1101 1339 1144 Hispaniarum
1371 1103 1399 1132 el
1430 1098 1606 1133 Sardiniae
1636 1109 1695 1141 pro
1724 1109 1797 1142 φερε

1097 1154 1286 1188 catholico?
1553 1153 1556 1156 “

1086 1237 1242 1264 Carissimo
1259 1236 1290 1263 in
1306 1235 1424 1263 Christo
1440 1235 1501 1262 filio
1516 1238 1619 1262 nostro
1635 1234 1771 1267 Philippo

1187 1281 1397 1314 Hispaniarum
1416 1280 1479 1314 reqi
1500 1279 1662 1311 catholico,

1240 1333 1408 1361 Alexander
1440 1333 1519 1366 Papa
1548 1333 1610 1359 VII.

1152 1396 1311 1424 Carissimo
1331 1396 1361 1422 in
1382 1395 1499 1423 Christo
1520 1395 1563 1425 fili
1587 1397 1700 1427 noster,

1090 1443 1221 1469 salutem
1243 1444 1273 1468 et
1293 1440 1491 1475 apostolicam
1510 1439 1761 1467 benedictionem.

1100 1512 1301 1545 Orthodoxae
1326 1511 1398 1544 fidei
1424 1510 1657 1544 conservandae
1683 1515 1712 1543 et
1729 1520 1798 1553 pro-

1056 1565 1217 1609 pagandae
1243 1565 1335 1607 zelus,
1362 1575 1397 1597 ac
1422 1564 1590 1607 singularis
1615 1574 1689 1606 erga
1720 1563 1798 1595 lianc

1057 1624 1195 1652 sanctam
1222 1618 1332 1652 Sedcm
1359 1618 1494 1659 dovotio,
1516 1617 1637 1661 aliaque
1656 1617 1798 1650 catholici

1058 1673 1185 1705 nomine
1211 1672 1331 1716 optimo
1357 1671 1424 1704 iure
1451 1671 1589 1713 insigniti
1612 1670 1694 1713 regis
1715 1679 1800 1713 prae-

1058 1727 1142 1759 clara
1167 1726 1289 1766 merita,
1315 1736 1394 1769 quae
1421 1725 1451 1757 in
1477 1725 1637 1757 malestate
1658 1725 1711 1756 tua
1737 1733 1802 1756 cae-

1059 1779 1125 1812 lesti
1152 1780 1252 1822 gratia
1278 1779 1454 1821 refulgent,
1479 1778 1570 1821 plane
1595 1777 1743 1820 exigunt,
1769 1782 1801 1809 ut

1059 1833 1101 1865 illi
1129 1832 1300 1865 reddamur
1325 1832 1362 1864 ad
1389 1831 1520 1874 gratiam
1547 1831 1700 1863 liberales.

1103 1887 1117 1930 ξ
1148 1886 1171 1919 l.
1197 1887 1279 1919 Alias
1305 1886 1458 1929 siquidem
1485 1896 1542 1929 per
1574 1885 1670 1917 felicis
1696 1895 1802 1918 reeor-

1059 1940 1193 1973 dationis
1212 1940 1371 1973 Urbanum
1383 1939 1496 1983 Papam
1508 1939 1571 1971 Vlll
1582 1938 1802 1982 praedecesso<

1061 2006 1126 2028 rem
1148 1999 1290 2027 nostrum
1309 1993 1518 2033 considerato,
1535 1992 1618 2036 quod
1641 1997 1682 2034 tu,
1701 1992 1803 2024 clarae

1062 2048 1234 2081 memoriae
1260 2047 1397 2090 Philippi
1424 2046 1447 2078 ll
1474 2051 1503 2078 et
1527 2045 1663 2089 Pliilippi
1686 2045 1723 2077 lII
1750 2045 1803 2077 IIi-

1062 2103 1241 2146 spaniarn‘m
1282 2111 1392 2144 regum
1430 2100 1657 2133 catholicorum
1692 2099 1738 2131 avi
1776 2104 1805 2131 et

1062 2155 1214 2198 genitoris
1250 2154 1448 2197 aliorumque
1485 2153 1639 2186 maiorum
1679 2156 1802 2185 tuorum

1063 2209 1218 2252 exemplo,
1237 2208 1430 2242 Christianae
1452 2207 1655 2251 Reipublicae
1681 2206 1804 2239 utilitati

1064 2262 1233 2304 inservire,
1260 2267 1289 2295 et
1314 2272 1376 2295 non
1408 2261 1508 2294 solum
1535 2261 1707 2294 catholicae
1733 2260 1805 2293 fidei

1064 2315 1256 2355 defensioni,
1282 2315 1334 2347 sed
1361 2314 1444 2347 illius
1469 2314 1561 2347 etiam
1588 2313 1805 2357 prorogationi

1065 2369 1137 2401 totis
1163 2369 1283 2401 viribus
1308 2368 1492 2401 incumbere
1518 2367 1710 2408 desiderans,
1728 2367 1806 2400 adeo

1066 2422 1202 2465 ingentia
1228 2432 1434 2466 expensarum
1469 2431 1564 2454 onera
1590 2420 1748 2461 subieras,
1775 2427 1808 2453 ut

1066 2486 1128 2509 non
1154 2476 1254 2509 solum
1281 2485 1452 2518 regnorum
1480 2478 1604 2508 tuorum
1631 2474 1808 2507 ordinarios

1104 2549 1113 2573 t
1138 2547 1179 2573 Ab
1199 2546 1332 2574 electione
1348 2554 1418 2573 anno
1439 2553 1463 2573 vi
1483 2550 1520 2581 (a.
1537 2547 1583 2580 T.).

1102 2592 1117 2618 ‘2
1138 2591 1175 2619 Ex
1196 2591 1303 2628 aegest.
1325 2592 1351 2619 in
1373 2591 1473 2619 secret.
1496 2591 1576 2619 Brev.

1697 165 1761 199 555
1809 174 1855 200 An.
1874 173 1901 199 c.
1926 173 1993 200 1660

1842 1517 1962 1539 Exordium.
