2243 3205
268 171 318 198 An.
335 171 364 198 C.
387 171 454 198 1660
500 164 563 196 biti

296 232 436 259 supplicatio.

300 708 393 737 Decreta
408 706 459 728 defi-

273 736 353 754 nitorn.

514 221 528 262 g
552 220 580 252 l.
606 220 727 262 Exponi
744 219 899 263 siquidem
915 220 1007 253 nobis
1023 230 1124 264 nuper
1137 221 1209 254 fecit

469 272 601 304 dilectus
624 272 707 304 filius
732 272 908 305 Ludovieus
932 273 970 306 de
984 274 1117 314 Vatesio,
1139 284 1209 317 pro-

470 329 596 359 curator
620 325 776 367 generalis
800 325 924 359 Ordinis
949 326 1081 359 fratrum
1106 327 1206 360 Mino-

469 389 540 411 rum
562 378 659 410 sancti
679 378 838 411 Francisci
854 379 1111 412 Conventualium
1130 389 1210 411 nun-

470 435 666 474 cupatorum,
680 431 764 474 quod
781 431 856 464 alias
870 442 886 464 a
902 431 1099 465 definitorio¹
1115 442 1210 474 gene-

470 482 529 515 rali
543 482 683 515 eiusdem
695 483 829 524 Ordinis,
841 484 879 516 ad
893 484 1105 518 necessarium
1121 495 1211 527 regu-

471 536 546 568 laris
563 535 747 579 disciplinae
772 537 964 581 praesidium
982 543 1012 570 et
1030 538 1208 570 incremen-

473 595 549 629 tum,
568 589 649 621 edita
668 590 795 623 suerunt
812 591 963 623 nonnulla
982 591 1106 624 decreta
1125 596 1211 624 teno-

473 642 516 675 ris
534 642 586 686 qui
604 643 755 686 sequitur,
782 644 939 677 videlicet:

524 708 536 727 <‹
552 696 702 730 Generale
716 697 929 731 definitorium
948 698 1064 730 Romae
1080 707 1212 740 congre-

475 754 582 792 gatum
609 760 690 783 anno
707 761 832 791 MDcmx,
849 751 1047 794 praesidente
1072 761 1214 784 reveren-

475 802 606 835 dissimo
630 808 718 846 patre
743 804 895 846 magistro
924 804 1036 837 Iacobo
1068 803 1214 836 Fabretto

476 855 514 888 de
539 856 684 889 Ravenna
716 857 861 890 ministro
893 857 1054 899 generali,
1085 856 1214 901 cupiens

477 909 578 942 eidem
604 910 748 943 ministro
773 910 957 943 adiutricem
981 911 1055 943 dare
1086 920 1215 943 manum

476 973 535 1006 pro
549 964 775 997 instauratione
796 964 950 1006 regularis
967 964 1149 1008 disciplinae
1162 963 1216 997 Or-

478 1015 579 1057 dinis,
609 1026 672 1049 non
709 1017 748 1049 ab
784 1016 981 1050 observantia
1018 1017 1214 1050 Urbanarum

480 1068 736 1102 constitutionum
771 1069 950 1110 declinare,
986 1069 1040 1102 sed
1075 1069 1215 1103 eiusdem

479 1121 696 1154 observantiae
720 1121 917 1155 indemnitati
947 1123 1112 1155 consulere
1136 1122 1216 1155 arbi-

478 1179 599 1214 tratur,
624 1174 699 1207 dum
724 1174 818 1207 dubia
849 1175 969 1219 aliquot
1004 1176 1217 1218 contingentia

481 1227 628 1268 enodare,
642 1232 672 1260 et
684 1228 844 1269 nonnulla,
865 1238 945 1271 quae
962 1229 1096 1272 tempori
1115 1229 1216 1261 minus

481 1280 625 1324 adaptata
649 1287 811 1325 comperta
830 1286 917 1322 sunt,
944 1281 1126 1315 modificare
1155 1282 1218 1325 (ab-

480 1334 612 1377 legatis,
640 1345 720 1378 quae
746 1335 777 1367 in
801 1335 996 1368 contrarium
1021 1335 1218 1369 inoleverunt

482 1388 695 1431 corruptelis),
714 1392 929 1431 opportunum
947 1388 1075 1422 censuit.
1097 1388 1218 1422 Idcirco

481 1446 647 1485 sequentes
685 1441 911 1474 declarationes
929 1469 936 1482 ,
979 1441 1219 1486 sanctionesque

481 1495 670 1535 subtexere,
695 1500 725 1527 et
748 1494 950 1528 Sanctissimo
976 1494 1124 1528 exhibere
1159 1495 1216 1528 de-

482 1548 589 1588 crevit,
615 1553 657 1588 ut,
682 1547 872 1591 apostolicae
896 1548 1144 1582 confirmationis
1168 1559 1220 1582 ro-

482 1601 559 1634 bore
589 1601 780 1644 implorato‚
813 1601 945 1634 insertas
978 1611 1029 1634 eas
1065 1601 1219 1635 dictarum

482 1654 680 1687 Urbanarum
706 1654 964 1688 constitutionum
992 1654 1142 1688 volumini
1170 1655 1221 1687 ha-

481 1707 623 1747 beamus,
649 1707 742 1740 veluti
769 1707 864 1740 totius
891 1707 996 1751 operis
1021 1707 1220 1741 coronidem:

527 1760 633 1793 Primo
653 1760 750 1803 igitur
774 1760 914 1793 districte
934 1760 1108 1803 iniungitur
1133 1761 1221 1793 cuili-

482 1814 535 1847 bet
559 1814 740 1858 provinciae
765 1814 954 1854 definitorio,
973 1819 1006 1846 ut
1024 1814 1054 1846 in
1076 1814 1221 1858 proximo

484 1868 589 1900 futuro
617 1867 754 1911 capitulo
779 1867 929 1910 requisita
957 1868 1136 1900 examinare
1159 1878 1223 1901 non

483 1921 623 1963 negligat
640 1920 864 1963 magistrorum
883 1930 1013 1953 suorum
1028 1920 1065 1952 ad
1082 1921 1221 1953 lauream

485 1978 708 2016 promotorum
733 1973 771 2005 ab
796 1972 908 2006 ultimo
926 1973 1063 2017 capitulo
1084 1973 1222 2016 generali

485 2026 523 2058 ad
548 2026 624 2059 haec
649 2037 747 2069 usque
768 2031 919 2069 tempora,
944 2026 1001 2059 soli
1027 2036 1100 2059 vero
1117 2026 1224 2058 admit-

486 2084 590 2112 tantur
613 2090 669 2122 per
694 2084 813 2111 secreta
838 2079 997 2122 suffragia,
1014 2080 1067 2123 qui
1085 2079 1122 2112 ad
1138 2090 1225 2124 prae-

486 2132 639 2175 scriptum
667 2131 864 2164 Urbanarum
897 2132 1153 2166 constitutionum
1184 2133 1225 2165 in-

488 2185 586 2218 stituti
612 2185 851 2228 probabuntur,
884 2191 1049 2218 arceantur
1085 2196 1161 2219 vero
1194 2187 1225 2219 in

487 2238 628 2271 fraudem
646 2238 795 2281 promoti,
813 2243 843 2270 et
859 2238 977 2282 absque
1002 2240 1150 2283 expressa
1176 2239 1225 2272 Sc-

488 2291 535 2325 dis
559 2291 758 2334 Apostolicae
782 2291 948 2324 facultate:

532 2346 686 2378 Teneatur
715 2345 809 2377 etiam
842 2345 924 2378 idem
957 2345 1169 2379 definitorium
1196 2346 1226 2378 in

489 2398 633 2441 proxima
658 2398 903 2441 congregatione
919 2399 1103 2442 provinciali
1120 2399 1226 2443 requi-

490 2451 546 2483 sita
571 2452 677 2484 itidem
699 2452 878 2484 examinare
896 2452 1063 2485 cuiuslibet
1083 2452 1227 2485 definito-

527 2567 539 2593 1
561 2566 631 2594 Edit.
646 2566 726 2595 Main.
743 2567 807 2604 legit
821 2568 973 2603 definitore
987 2567 1024 2604 (a.
1042 2569 1090 2604 τ.).

1051 173 1229 198 BULLARIUM
1254 174 1408 198 ROMANUM

1242 221 1285 253 ris
1301 221 1446 264 perpetui
1461 222 1645 255 meritorum
1660 224 1750 257 titulo
1763 224 1895 258 instituti
1908 230 1992 269 post

1243 274 1413 317 capitulum
1438 276 1585 317 generale
1609 277 1797 319 praefatum,
1817 283 1847 311 et
1871 279 1903 311 hi
1928 290 1978 312 so-

1242 327 1306 358 lum
1332 327 1548 370 approbentur
1573 328 1702 360 secretis
1737 329 1916 372 suffragiis,
1940 331 1978 364 de

1243 389 1378 421 quorum
1404 379 1524 412 meritis
1547 380 1686 422 legitime
1715 381 1910 422 constiterit,
1941 383 1979 415 ad

1244 437 1384 464 tenorem
1410 432 1563 465 dictarum
1586 433 1979 473 constitutionum,ceteris

1245 483 1387 524 exclusis,
1411 484 1519 526 quavis
1538 485 1734 528 possessione
1752 496 1815 518 non
1829 486 1980 528 obstante,

1245 540 1274 567 et
1291 536 1376 568 omni
1390 537 1575 569 meritorum
1593 537 1828 580 aequiparantia
1842 538 1981 582 explosa,

1246 590 1374 632 excepta
1399 589 1519 622 lectura
1548 590 1694 622 triennali
1724 601 1819 634 supra
1852 601 1981 624 cursum

1246 641 1410 674 duodecim
1437 651 1602 682 annorum,
1627 653 1721 686 quam
1737 643 1766 675 in
1784 644 1981 687 supplemen-

1247 699 1311 727 tum
1338 694 1560 737 indulgendam
1576 695 1643 728 fore
1656 695 1856 729 decernimus
1870 707 1981 739 regen—

1248 746 1329 780 tibus
1355 747 1540 788 studi0rum‚
1565 748 1678 791 quibus
1690 758 1753 781 non
1770 748 1901 791 contigit
1920 759 1984 782 sor-

1248 800 1299 832 tiri
1324 810 1437 833 munus
1462 801 1633 844 regentiale
1653 801 1683 834 in
1700 801 1804 845 aliquo
1821 801 1983 845 religionis

1248 852 1396 896 collegio:

1293 905 1326 938 In
1350 911 1514 949 posterum
1540 906 1632 939 etiam
1663 906 1746 939 idem
1771 906 1984 940 definitorium

1249 959 1385 992 cuiusvis
1415 960 1595 1003 provinciae
1623 960 1788 1002 vocalium,
1813 961 1982 1004 magistro-

1250 1022 1320 1044 rum
1342 1015 1371 1046 et
1387 1012 1589 1046 definitorum
1610 1023 1751 1055 suorum,
1769 1024 1848 1057 quos
1867 1014 1987 1058 absque

1250 1067 1399 1109 expressa
1415 1066 1502 1099 Sedis
1525 1066 1721 1109 Apostolicae
1744 1066 1889 1101 facultate
1904 1067 1987 1100 novi-

1250 1124 1297 1151 ter
1321 1118 1441 1153 institui
1462 1119 1638 1163 contigerit,
1658 1120 1811 1164 requisita
1834 1125 1868 1153 ut
1892 1131 1988 1165 supra

1251 1182 1478 1215 recognoscere
1512 1177 1541 1207 et
1575 1173 1754 1206 examinare
1789 1178 1932 1207 teneatur
1956 1174 1988 1207 in

1252 1226 1356 1271 primo
1382 1227 1518 1270 capitulo
1551 1227 1730 1271 provinciae
1765 1233 1794 1260 et
1823 1227 1988 1271 capitulari

1252 1281 1495 1324 congregatione
1519 1286 1591 1324 post
1614 1291 1724 1315 eorum
1746 1281 1989 1323 institutionem,

1252 1339 1281 1369 et
1298 1335 1341 1368 illi
1356 1335 1516 1369 dumtaxat
1529 1335 1732 1368 admittantur
1752 1335 1790 1367 ad
1810 1340 1915 1369 votum
1931 1335 1990 1368 ele-

1252 1388 1367 1421 ctivum
1393 1389 1446 1432 qui
1470 1399 1526 1432 per
1550 1393 1668 1421 secreta
1700 1388 1850 1431 suffragia
1873 1388 1911 1421 ab
1938 1399 1990 1422 eo-

1253 1441 1323 1474 dem
1338 1441 1516 1475 definitorio
1528 1442 1692 1486 approbati
1704 1442 1820 1475 fuerint
1831 1447 1991 1486 tamquam

1254 1495 1403 1529 canonice
1427 1495 1582 1529 instituti:

1298 1548 1534 1591 Praerogativas
1557 1548 1705 1589 minores,
1723 1548 1837 1592 quibus
1861 1560 1992 1584 consue-

1257 1612 1327 1634 vere
1352 1601 1488 1634 ministri
1521 1602 1683 1644 generales
1707 1602 1839 1635 fratrum
1864 1603 1989 1648 simpli-

1256 1655 1338 1687 cium
1364 1654 1485 1697 aliquos
1506 1653 1668 1688 declarare
1687 1655 1866 1698 graduatos,
1886 1656 1994 1689 annui-

1256 1718 1326 1740 mus
1351 1707 1566 1740 concedendas
1591 1718 1658 1740 esse
1682 1708 1792 1741 iisdem
1822 1709 1993 1752 fratribus,

1255 1771 1317 1794 non
1342 1761 1444 1794 solum
1469 1760 1508 1793 ob
1533 1760 1748 1803 magisterium
1781 1761 1993 1805 novitiorum,

1256 1815 1297 1848 ob
1324 1814 1472 1847 meritum
1498 1824 1630 1858 operum
1655 1814 1864 1858 musicalium,
1883 1815 1921 1848 ad
1950 1821 1979 1849 te

1257 1878 1367 1902 norem
1393 1867 1668 1910 constitutionum,
1695 1878 1803 1901 verum
1837 1868 1929 1902 etiam
1954 1868 1994 1904 ob

1259 1921 1442 1962 missiones,
1467 1922 1507 1954 ob
1532 1921 1716 1965 conspicuas
1740 1922 1928 1964 conciones,
1955 1923 1995 1957 ob

1259 1985 1366 2008 curam
1391 1974 1579 2015 animarum,
1600 1974 1640 2008 ob
1666 1985 1779 2008 munus
1804 1975 1995 2019 confessarii,

1258 2028 1297 2061 ob
1317 2028 1469 2060 lecturam
1489 2028 1742 2069 seminariorum,
1761 2033 1791 2061 et
1813 2029 1907 2062 huius
1923 2040 1997 2073 pon-

1258 2080 1341 2114 deris
1366 2080 1480 2113 similia
1503 2091 1599 2114 onera
1623 2081 1722 2124 spatio
1747 2081 1913 2114 duodecim
1937 2082 1997 2115 sal-

1259 2138 1321 2166 tem
1339 2144 1493 2167 annorum
1511 2133 1708 2166 laudabiliter
1731 2140 1869 2178 peracta,
1890 2139 1920 2168 et
1936 2135 1997 2168 hoc

1259 2187 1297 2219 ad
1322 2186 1520 2219 alliciendum
1546 2188 1686 2231 praemio
1715 2197 1825 2220 eorum
1853 2188 1997 2229 animos,

1260 2240 1312 2284 qui
1337 2241 1524 2284 plerumque
1548 2240 1709 2273 fastidiunt
1734 2241 1841 2274 talium
1864 2232 1997 2276 functio-

1260 2305 1334 2327 num
1360 2293 1465 2326 subire
1490 2293 1633 2326 labores:

1304 2349 1418 2381 Verum
1444 2348 1623 2391 provinciae
1640 2347 1859 2392 paternitatem
1877 2359 1913 2382 ex
1932 2359 1997 2382 me-

1261 2402 1321 2435 rito
1338 2402 1519 2434 decernitur
1541 2401 1762 2444 indulgendam
1784 2412 1852 2435 esse
1864 2402 1938 2435 solis
1954 2412 1998 2435 sa-

1261 2465 1332 2487 crae
1350 2455 1526 2497 theologiae
1545 2455 1712 2497 magistris,
1730 2465 1791 2487 non
1809 2460 1913 2488 tamen
1930 2455 1997 2488 solo

1261 2507 1351 2539 titulo
1383 2507 1527 2540 laborum
1560 2507 1591 2539 in
1624 2507 1771 2540 exercitio
1803 2507 1997 2541 lecturarum

1261 2559 1298 2593 ad
1322 2560 1553 2605 praescriptum
1587 2561 1863 2604 constitutionum,
1888 2571 1997 2596 verum

1986 178 2034 206 An.
2055 178 2084 206 C.
2105 178 2171 207 1660
2208 179 2212 225 ,ζ

2217 1528 2237 1651 '³3

2232 1691 2238 1735 ¹,

2228 1742 2238 1846 ἐ
