2243 3205
9 2384 12 2486 l

9 2494 11 2553 l

59 192 107 220 An.
121 190 151 217 C.
174 189 238 217 1661

58 252 163 275 Contraria
174 252 235 272 tollit.

87 1156 234 1182 'ri-antummo-

52 1188 95 1203 rnm
110 1183 169 1204 tides.

77 2490 190 2517 Expositio.

849 187 1036 211 ALEXANDER

296 237 311 280 ἓ
327 236 357 270 4.
375 237 444 270 Non
461 236 656 270 obstantibus
673 235 950 270 constitutionibus
968 240 997 268 et

251 290 503 324 ordinationibus
529 290 722 334 apostolicis,
746 300 887 330 necnon,
913 300 992 332 qua-

250 350 341 377 tenus
358 355 437 388 opus
458 345 506 385 sit,
530 344 711 388 praedictae
729 343 994 386 congregationis,

250 402 281 430 et
304 397 374 430 aliis
398 397 572 441 quibusvis,
593 397 686 430 etiam
705 397 892 436 iuramento,
919 406 993 429 con-

250 451 429 484 firmatione
446 451 628 494 apostolica,
649 451 696 483 vel
715 450 826 494 quavis
844 449 994 482 firmitate

250 504 311 536 alia
336 504 502 545 roboratis,
519 504 640 537 statutis
659 509 689 536 et
704 503 994 543 consuetudinibus,

251 556 428 601 privilegiis
445 567 581 600 quoque,
596 556 724 589 indultis
743 562 773 589 et
791 556 903 589 litteris
922 567 995 600 apo-

250 609 368 644 stolicis
393 610 424 642 in
445 610 639 643 contrarium
657 610 905 653 praemissorum
921 621 994 653 quo-

251 663 424 697 modolibet
449 663 618 704 concessis,
643 664 838 697 confirmatis
859 669 888 696 et
905 664 994 696 inno-

251 717 340 757 vatis,
368 717 481 761 quibus
499 717 646 750 omnibus
662 722 692 749 et
709 717 851 760 singulis,
866 717 992 750 illorum

250 776 376 804 tenores
399 771 617 816 praesentibus
642 782 699 815 pro
724 771 817 815 plene
850 775 879 805 ct
907 771 992 804 suffi-

250 825 370 859 cienter
394 825 560 869 expressis,
582 835 618 858 ac
635 825 673 857 de
692 825 788 858 verbo
806 824 843 857 ad
862 825 992 857 verbum

250 878 376 912 insertis
401 878 561 920 habentes,
577 878 637 911 illis
663 878 738 911 alias
755 878 787 910 in
800 889 856 911 suo
878 878 993 912 robore

249 932 476 976 permansuris,
502 932 540 964 ad
565 932 813 975 praemissorum
835 931 992 973 effectum,

249 985 309 1018 hac
326 985 392 1018 vice
405 985 577 1027 dumtaxat,
603 985 781 1029 specialiter
799 990 828 1017 et
847 995 993 1029 expresse

249 1039 454 1082 derogamus3
480 1039 656 1082 ceterisque
681 1039 847 1072 contrariis
868 1039 993 1082 quibus-

250 1104 395 1137 cumque.

293 1147 308 1190 ἓ
322 1148 350 1180 5.
366 1147 517 1180 Volumus
533 1150 637 1180 autem
654 1151 688 1178 ut
704 1145 886 1178 earumdem
907 1156 993 1189 prae-

248 1200 384 1233 sentium
416 1199 622 1243 transumptis
639 1227 645 1241 ,
680 1199 772 1232 etiam
808 1199 991 1242 impressis,

248 1263 343 1286 manu
360 1253 492 1286 alicuius
513 1253 628 1286 notarii
654 1252 773 1296 publici
791 1252 991 1296 subscriptis,

247 1312 278 1339 et
302 1307 405 1349 sigillo
429 1317 582 1350 personae
604 1307 635 1339 in
653 1306 864 1339 ecclesiastica
888 1306 991 1348 digni-

248 1365 310 1393 tate
342 1361 527 1394 constitutae
552 1360 697 1401 munitis‚
725 1359 833 1392 eadem
862 1370 991 1403 prorsus

247 1413 327 1446 fides
340 1418 402 1446 tam
417 1413 448 1445 in
462 1413 578 1446 iudicio
596 1424 688 1456 quam
708 1418 795 1445 extra
811 1412 889 1445 illud
907 1412 992 1445 adhi-

247 1466 369 1507 beatur,
387 1477 466 1510 quae
490 1467 565 1510 ipsis
591 1466 809 1510 praesentibus
826 1465 990 1499 adhibere-

247 1526 309 1561 tur,
335 1521 359 1553 si
387 1521 490 1554 forent
514 1520 670 1553 exhibitae
694 1520 741 1552 vel
761 1524 912 1552 ostensae.

292 1574 407 1607 Datum
432 1574 560 1614 Romae,
581 1573 664 1616 apud
688 1573 717 1605 S.
742 1572 870 1605 Mariam
896 1572 989 1605 Maio-

247 1638 331 1669 rem,
354 1628 413 1660 sub
433 1627 548 1660 annulo
571 1626 746 1667 piscatoris,
773 1625 822 1659 die
843 1635 909 1658 xvn
933 1636 988 1659 au-

247 1681 329 1724 gusti
341 1690 471 1721 Mncmu,
482 1680 681 1724 pontificatus
694 1679 794 1713 nostri
809 1689 890 1712 anno
902 1689 955 1712 vii.

281 1742 341 1770 Dat.
357 1742 401 1769 die
418 1742 450 1769 17
470 1742 576 1778 augusti
596 1742 671 1776 1661,
690 1741 787 1777 pontif.
806 1749 876 1769 anno
892 1747 939 1768 vii.

559 1867 688 1902 CCCLII.

247 1940 433 1976 commissio
458 1939 697 1983 archiepiscopo
718 1938 860 1972 civitatis
880 1938 989 1972 Caesa-

289 1998 514 2038 rauyustanae
529 2004 626 2037 super
643 1993 879 2026 contributione
899 1993 989 2026 eccle-

290 2049 496 2081 siasticorum
532 2047 568 2079 in
602 2047 732 2090 gabetm
772 2047 814 2079 ad
846 2047 987 2090 favorem

292 2100 465 2145 hospitalis
483 2100 569 2144 reyiz'
593 2100 789 2143 imponenda
802 2100 820 2133 ¹.

480 2171 649 2199 Venerabili
664 2171 751 2198 fratri

352 2216 574 2250 archiepiscopo
595 2215 884 2250 Caesaraugustam,

440 2265 607 2293 Alexander
632 2265 710 2299 Papa
730 2265 790 2302 vn.

459 2319 645 2347 Venerabilis
668 2319 773 2352 frater,

291 2366 420 2393 salutem
435 2367 465 2392 et
482 2363 677 2398 apostoticam
691 2363 942 2391 benedictionem.

291 2433 306 2476 ξ
330 2433 359 2465 t.
385 2431 505 2475 Exponi
530 2430 620 2464 nobis
640 2440 741 2473 nuper
755 2430 896 2463 fecerunt
915 2430 987 2463 dilc-

247 2486 287 2519 cti
318 2485 372 2518 tilii
403 2490 543 2518 rectores
576 2489 606 2516 et
640 2483 909 2517 administratores
938 2494 987 2526 ge-

246 2540 369 2573 nerales
394 2539 472 2582 regii
497 2538 659 2581 hospitalis
679 2538 707 2571 S.
734 2537 848 2570 Mariae
870 2537 987 2571 Gratia-

285 2601 295 2627 1
318 2600 356 2628 Ex
376 2600 483 2634 Regest.
504 2599 531 2626 in
551 2600 653 2626 Secret.
676 2599 751 2625 Brev.

312 2653 391 2683 Bull.
411 2653 497 2682 Rom.
516 2668 551 2672 —
574 2652 632 2682 Vol.
653 2652 729 2680 XVI.
874 2651 907 2679 89

1063 187 1106 211 vn
1130 187 1179 211 PP.
1681 177 1744 211 705

1030 246 1101 268 rum
1126 235 1299 279 nuncupati
1332 235 1421 268 istius
1446 235 1579 269 civitatis
1612 236 1777 270 Caesarau-

1031 294 1202 332 gustanae,
1228 290 1313 333 quod
1345 290 1435 332 alias,
1461 301 1532 323 cum
1562 290 1677 323 dictam
1703 290 1776 323 civi-

1030 348 1124 375 tatem
1158 343 1287 386 eiusque
1312 343 1490 376 districtum
1523 344 1620 388 pestis
1647 344 1710 376 illic
1736 343 1774 376 ab

1029 407 1111 430 anno
1133 406 1297 430 iunchvttt
1322 408 1421 440 usque
1450 397 1489 430 ad
1512 408 1628 430 annum
1654 407 1774 431 MDCLlIt

1029 459 1084 482 seu
1109 449 1170 482 alio
1195 449 1312 483 veriori
1338 456 1481 493 tempore
1502 456 1643 492 grassata
1657 450 1687 482 in
1705 461 1773 493 gra-

1029 513 1082 535 ves
1106 513 1256 546 expensas
1282 503 1477 543 coniecisset,
1495 509 1720 547 contractoque
1737 505 1773 536 ca

1029 557 1067 589 de
1092 559 1185 590 causa
1206 567 1279 590 aere
1298 558 1401 590 alieno
1420 558 1574 590 maximae
1591 557 1772 601 quantitatis

1028 610 1226 650 involvisset,
1252 611 1390 644 universi
1415 610 1542 644 ordines
1568 610 1707 643 eiusdem
1734 611 1772 644 ci-

1029 663 1141 706 vitatis,
1167 663 1249 707 apud
1274 674 1352 707 quos
1370 664 1513 706 regimen
1531 663 1634 696 existit
1648 669 1677 696 et
1691 663 1772 696 inter

1028 728 1107 761 quos
1137 718 1241 751 clerus
1273 717 1505 751 ecclesiasticus
1536 717 1659 761 primus
1684 728 1771 751 coni-

1027 774 1166 814 putatur,
1191 770 1229 803 de
1254 770 1379 804 licentia
1404 770 1492 804 Sedis
1513 771 1710 814 Apostolicae
1734 782 1771 803 ex

1028 824 1189 857 communi
1214 829 1276 857 tam
1302 824 1455 857 laicorum
1475 835 1567 868 quam
1586 825 1771 858 ecclesiasti-

1028 888 1138 910 corum
1164 878 1399 912 contributione
1423 888 1475 911 aes
1501 878 1639 911 alienum
1666 877 1771 910 huius-

1029 931 1113 964 modi
1139 932 1346 965 extinxerunt.

1071 985 1085 1028 ᾗ
1110 984 1139 1017 02.
1165 985 1241 1018 Cum
1260 989 1375 1026 autem,
1394 985 1473 1018 sicut
1489 985 1597 1018 eadem
1616 985 1771 1029 expositio

1027 1037 1247 1081 subiungebat,
1268 1038 1385 1071 dictum
1405 1038 1559 1082 hospitale
1575 1049 1648 1071 aere
1669 1038 1771 1071 alieno

1027 1091 1173 1124 undecim
1210 1091 1343 1124 millium
1381 1096 1597 1126 trecentorum
1633 1092 1770 1135 quadra-

1027 1145 1111 1187 ginta
1136 1144 1271 1178 duorum
1298 1151 1459 1178 scutorum
1491 1150 1520 1178 et
1545 1145 1770 1188 septemdecim

1027 1197 1200 1230 solidorum
1227 1204 1371 1231 monetae
1396 1199 1523 1231 illarum
1552 1198 1688 1242 partium
1723 1209 1771 1231 oc-

1027 1251 1152 1284 casione
1177 1251 1277 1284 dictae
1302 1252 1407 1295 pestis,
1426 1253 1466 1285 ob
1487 1262 1639 1295 expensas
1664 1252 1694 1284 in
1716 1263 1770 1285 cu-

1027 1304 1132 1337 randis
1157 1311 1187 1337 et
1211 1305 1411 1338 sublevandis
1447 1305 1581 1338 infirmis
1607 1305 1771 1337 ministris-

1026 1369 1086 1401 que
1110 1358 1319 1392 sustentandis
1333 1369 1388 1391 seu
1406 1358 1646 1391 manutenendis
1664 1359 1769 1399 factas,

1026 1411 1202 1454 damnaque
1238 1423 1274 1445 ex
1318 1412 1538 1445 combustione
1580 1412 1768 1444 lectulorum

1025 1465 1224 1508 aliorumque
1259 1465 1524 1509 suppellectilium
1562 1476 1641 1508 quae
1682 1471 1770 1508 peste

1026 1518 1148 1551 insectis
1173 1519 1347 1552 servierant
1371 1524 1521 1562 accepta,
1547 1523 1709 1552 contracto
1737 1529 1770 1552 o-

1024 1577 1168 1604 neratum
1193 1572 1402 1612 remanserit,
1428 1583 1485 1605 nec
1510 1571 1593 1604 illius
1627 1571 1764 1604 dissolu-

1026 1625 1100 1658 tioni
1126 1631 1156 1658 et
1181 1625 1374 1665 extinctioni,
1392 1625 1549 1668 simulque
1574 1625 1768 1668 pauperibus

1025 1679 1158 1711 infirmis
1190 1679 1313 1711 assidue
1350 1678 1517 1719 curandis,
1543 1689 1578 1711 ac
1609 1678 1767 1711 solvendis

1024 1731 1135 1765 debitis
1162 1732 1380 1765 ministrorum
1399 1732 1531 1773 salariis,
1554 1731 1684 1775 aliisque
1713 1731 1767 1764 im-

1024 1785 1128 1828 pensis
1147 1785 1185 1818 de
1209 1785 1395 1818 necessitate
1419 1784 1591 1818 subeundis
1617 1795 1674 1828 par
1703 1784 1766 1817 exi-

1024 1844 1098 1878 stat;
1123 1839 1275 1882 praedicti
1296 1849 1371 1872 vero
1388 1838 1525 1878 ordines,
1546 1837 1678 1881 provide
1696 1848 1767 1871 con-

1023 1892 1163 1926 siderato
1196 1902 1347 1936 expensas
1379 1903 1436 1936 per
1461 1892 1578 1924 dictum
1611 1891 1766 1935 hospitale

1023 1947 1117 1979 factas
1142 1952 1172 1979 et
1196 1946 1311 1979 damna
1337 1951 1465 1989 accepta
1490 1945 1671 1978 huiusmodi
1697 1956 1764 1988 per-

1022 2010 1170 2033 sonarum
1198 2005 1260 2032 tam
1286 1999 1570 2032 ecclesiasticarum
1600 2008 1694 2041 quam
1716 1999 1766 2031 lai-

1022 2063 1130 2085 carum
1166 2052 1320 2085 beneficio
1357 2056 1386 2086 et
1421 2051 1588 2084 commodo
1613 2050 1764 2091 cessisse,

1021 2106 1139 2138 nullam
1165 2105 1395 2149 promptiorem
1418 2104 1709 2148 expeditioremqne
1726 2105 1765 2137 ei-

1022 2159 1092 2192 dem
1119 2159 1264 2202 hospitali
1296 2158 1480 2192 consulendi
1510 2157 1663 2190 rationem
1692 2157 1764 2190 iniri

1022 2223 1114 2257 posse
1139 2213 1372 2256 compererint,
1399 2222 1492 2256 quam
1519 2211 1543 2244 si
1568 2221 1664 2254 super
1700 2211 1763 2243 sin-

1022 2267 1103 2309 gulis
1128 2267 1285 2299 mensuris
1323 2266 1417 2299 tritici
1443 2271 1472 2298 et
1497 2267 1557 2300 olei
1583 2268 1614 2300 in
1639 2267 1761 2311 praedi-

1022 2320 1078 2352 ctis
1104 2319 1228 2352 civitate
1261 2325 1291 2352 et
1322 2319 1466 2353 districtu
1500 2320 1653 2353 vendendi
1678 2325 1708 2353 et
1732 2331 1764 2353 e—

1023 2373 1126 2406 mendi
1152 2374 1256 2417 aliqua
1281 2373 1457 2406 communis
1483 2374 1604 2416 gabella
1621 2373 1658 2406 ad
1683 2374 1763 2407 savo-

1022 2438 1088 2460 rem
1125 2428 1221 2471 ipsius
1256 2427 1418 2470 hospitalis
1456 2427 1485 2458 in
1519 2427 1761 2461 satisfactionem

1021 2481 1095 2514 dicti
1120 2481 1202 2514 aeris
1227 2480 1319 2513 alieni
1345 2486 1374 2513 ct
1400 2491 1461 2513 non
1488 2481 1517 2513 in
1543 2481 1620 2514 alios
1640 2492 1714 2514 usus
1731 2486 1761 2514 et

1021 2545 1129 2568 causas
1154 2534 1353 2578 quantumvis
1378 2534 1571 2567 necessarias
1596 2540 1625 2567 et
1650 2545 1762 2577 urgen-

1022 2589 1156 2623 tissimas
1180 2587 1391 2622 convertenda
1416 2598 1513 2632 usquc
1549 2588 1587 2621 ad
1619 2588 1759 2632 comple-

1789 188 1840 215 An.
1856 188 1884 214 C.
1905 187 1971 214 1061

1813 996 1899 1018 Motiva.
