2202 3190
222 192 270 218 An,
288 193 317 217 C.
337 193 398 218 1661

252 253 354 273 Concedit
364 253 409 273 osti-

225 286 279 299 cmm
302 280 408 306 aliquibus

224 307 283 326 tacis.

242 1839 353 1859 Contraria
364 1839 424 1858 tollit.

281 2105 342 2126 Fides
359 2106 428 2126 ilanda

248 2132 389 2157 uauxumptis.

449 184 512 215 740

469 240 483 283 ξ
508 240 536 272 l.
564 240 645 272 Haec
683 250 756 272 vero
781 239 984 273 concedimus
1020 240 1049 272 in
1086 240 1163 273 locis

424 292 584 324 dumtaxat
602 292 819 335 infrascriptis:
837 302 952 336 nempe
970 293 1001 325 in
1018 293 1165 326 omnibus

426 345 567 378 ecclesiis
593 345 776 377 monialium
798 345 871 377 dicti
897 345 1021 378 Ordinis
1046 346 1096 379 SS.
1120 346 1184 378 Vi-¹

426 397 589 437 sitationis‚
599 408 691 440 quem
706 397 815 430 beatus
825 398 1010 431 Franciscus
1025 399 1167 438 instituit3

426 451 456 482 in
481 450 652 483 cathedrali
678 450 795 493 templo
820 450 974 493 Lugduni,
1007 451 1058 483 ubi
1084 451 1166 483 diem

427 503 536 536 clausit
571 508 761 543 extremum3
796 503 826 536 in
861 503 1031 536 cathedrali
1066 504 1168 536 Anne-

428 556 531 598 siensi‚
557 556 610 589 ubi
636 556 716 589 sedit
740 557 885 597 antistes;
907 557 938 589 in
964 557 1093 589 matrice
1119 568 1169 589 ec-

428 610 521 642 clesia
540 610 598 643 loci
619 610 656 642 [le
673 610 768 650 Sales,
790 610 842 642 ubi
864 615 954 643 natus
975 614 1034 649 est,
1056 616 1082 642 et
1105 610 1171 653 qui-

428 663 498 695 dem
526 663 583 695 sub
609 663 669 696 ritu
695 663 812 707 duplici
838 663 966 696 maiori:
996 663 1026 695 in
1052 662 1170 706 oppido

432 728 506 750 vero
528 718 665 757 Annesii,
684 720 810 761 totaque
828 718 963 751 dioecesi
989 716 1171 758 Gener-ensi,

431 770 488 802 sub
514 770 632 813 duplici
653 771 780 811 minori,
800 782 835 804 ac
857 776 917 803 tam
943 782 959 803 a
977 770 1172 803 secularibus

429 834 522 866 quain
547 834 565 855 a
589 824 788 866 regularibus
813 824 978 867 utriusque
1002 833 1111 864 sexus,
1137 833 1172 855 ac

430 876 522 908 etiam
551 887 568 908 a
594 876 809 910 sacerdotibus
841 877 1104 920 quibuscumque,
1134 886 1171 909 eo

431 928 674 971 confluentibus,
695 935 846 973 quantum
873 929 911 962 ad
929 929 1039 962 missas
1055 929 1172 962 attinet.

432 983 608 1024 Praeterea,
626 983 765 1026 prasenti
783 983 945 1015 dumtaxat
962 993 1043 1015 anno
1060 993 1078 1014 a
1095 982 1174 1016 dalis

433 1035 519 1068 hisee
545 1036 656 1068 litteris
692 1036 888 1078 inchoando,
925 1037 954 1068 in
988 1035 1175 1079 supradictis

432 1094 525 1131 atque
558 1089 588 1121 in
623 1089 754 1131 singuhs
780 1088 1011 1121 cathedralibus
1036 1088 1174 1121 ecclesiis

432 1143 521 1184 regni
548 1142 737 1184 Galliarum,
763 1153 799 1175 ac
824 1142 999 1175 Sabaudiae
1025 1147 1054 1174 et
1080 1142 1175 1175 Pede-

433 1195 542 1228 montii
574 1195 723 1236 ditionis,
754 1195 905 1228 solemnia
936 1195 1175 1228 beatificationis

436 1249 529 1281 huius
554 1260 624 1281 cum
651 1249 754 1282 officio
773 1254 802 1281 et
822 1249 925 1286 missa,
951 1249 1008 1281 sub
1033 1249 1095 1281 ritu
1120 1249 1176 1281 du-

435 1303 507 1346 plici
524 1302 648 1343 maiori,
662 1302 711 1335 die
726 1313 742 1334 a
756 1303 898 1335 locorum
913 1302 1086 1335 Ordinariis
1103 1312 1174 1335 con-

435 1355 540 1389 stituta
566 1361 596 1388 et
619 1355 699 1387 intra
723 1366 774 1388 sex
794 1365 917 1388 menses
935 1355 1175 1399 promulganda⁷

436 1408 616 1441 celebrandi
633 1408 808 1441 facultatem
824 1408 1041 1451 impertimur:
1059 1409 1176 1441 Romae

437 1473 511 1495 vero
544 1462 573 1494 in
610 1462 749 1495 ecclesiiS
774 1462 802 1495 S.
829 1462 977 1495 Ludovici
1003 1462 1178 1495 Gallicanae

437 1520 467 1548 et
480 1515 508 1547 S.
523 1515 668 1547 Sindonis
683 1515 855 1547 Sabaudiae
875 1526 910 1547 ac
928 1515 1178 1548 Pedemontanae

436 1569 609 1610 nationum,
635 1579 670 1601 ac
695 1568 745 1601 SS.
764 1568 922 1601 Trinitatis
947 1568 977 1600 in
993 1569 1095 1602 Monte
1112 1569 1180 1602 Pin-

438 1622 496 1662 cio,
513 1622 665 1654 solemnia
687 1621 817 1654 huiusce
843 1621 1080 1656 beatificationis
1098 1622 1178 1654 intra

439 1676 587 1708 bimestre
610 1676 800 1719 proximum,
820 1681 985 1719 postquam
1004 1681 1107 1709 tamen
1128 1676 1180 1709 illa

440 1728 470 1761 in
485 1729 612 1761 basilica
626 1728 777 1772 Principis
788 1729 1009 1772 Apostolorum
1024 1729 1180 1762 celebrata

440 1782 565 1823 suerint,
587 1783 704 1826 pariter
730 1783 883 1816 celebrari
904 1782 1117 1816 concedimus.

485 1836 500 1879 ἓ
525 1836 552 1868 5.
586 1837 653 1869 Non
678 1836 873 1869 obstantibus
907 1837 1182 1870 constitutionibus

442 1894 471 1921 et
491 1889 743 1922 ordinationibus
774 1889 965 1933 apostolicis,
993 1900 1028 1922 ac
1053 1890 1181 1933 quibus-

442 1953 577 1985 cumque
591 1942 724 1975 decretis
738 1953 832 1986 super
848 1953 910 1975 non
925 1943 1021 1984 cultu,
1031 1954 1085 1976 seu
1098 1944 1182 1984 alias,

443 1996 511 2028 latis
531 2001 584 2029 aut
609 1990 832 2040 pronmlgatis‚
858 1997 1032 2040 ceterisque
1061 2002 1183 2030 contra-

444 2049 498 2081 riis
524 2049 784 2092 quibuscumque.

488 2102 503 2144 ξ
527 2101 555 2134 6.
583 2102 733 2134 Volumus
766 2107 870 2135 autem
901 2107 934 2135 ut
965 2102 1078 2135 harum
1104 2103 1185 2136 litte-

445 2165 550 2187 rarum
567 2155 779 2198 transumptis,
795 2155 886 2187 etiam
902 2155 1072 2199 impressis,
1092 2166 1185 2188 manu

444 2207 603 2240 secretarii
632 2207 808 2251 praedictae
842 2209 1097 2251 congregationis
1122 2220 1186 2242 car-

444 2261 595 2293 dinalium
607 2261 704 2294 saeris
723 2261 835 2294 ritibus
846 2262 1099 2305 praepositorum
1118 2263 1187 2295 sub-

445 2314 578 2356 scriptis,
604 2319 632 2346 et
657 2314 759 2357 sigillo
784 2315 930 2358 praefecti
956 2315 1095 2348 eiusdem
1113 2326 1186 2349 eon-

446 2367 636 2409 gregationis
663 2367 799 2408 munitis,
821 2368 929 2401 eadem
954 2379 1084 2412 prorsus
1109 2369 1186 2402 fides

447 2419 484 2451 ab
517 2420 662 2453 omnibus
695 2426 724 2453 et
755 2421 870 2464 ubique
903 2426 964 2454 tam
1001 2422 1032 2454 in
1072 2422 1186 2455 iudicio

449 2482 540 2513 quam
567 2476 651 2506 extra
672 2473 878 2516 adhibeatur,
904 2484 983 2518 quae
1012 2475 1185 2518 praesenti-

448 2524 506 2556 bus
531 2525 604 2567 ipsis
628 2526 842 2566 adhiberetur,
857 2527 880 2560 si
907 2528 1008 2561 forent
1032 2528 1187 2561 exhibitae

452 2577 495 2608 vel
523 2581 673 2610 ostensae.

1180 248 1184 270 l

1182 312 1183 324 l

1182 346 1184 360 l

1000 193 1096 216 BULLA
1103 193 1176 216 telum
1204 192 1355 215 neuwen

1241 239 1352 272 Datum
1362 239 1490 279 Romae,
1501 239 1583 283 apud
1598 239 1626 272 S.
1637 239 1764 272 Mariam
1776 240 1934 283 Maiorem,

1199 292 1256 325 sub
1281 292 1396 325 annulo
1422 292 1605 333 Piscatoris,
1633 292 1683 325 die
1707 302 1787 326 xv111
1815 293 1939 326 decem-

1200 345 1264 377 bris
1289 355 1415 387 MDCLXI,
1433 345 1631 389 pontificatus
1655 345 1754 378 nostri
1780 356 1861 378 anno
1885 356 1938 379 vn.

1236 408 1293 435 Dat.
1311 408 1353 435 die
1372 408 1402 435 18
1417 408 1571 435 decembris
1587 408 1664 443 1661,
1682 408 1777 444 pontif.
1796 416 1866 435 anno
1883 415 1927 435 vu.

1491 549 1646 583 CCCLXX.

1204 631 1270 664 Pro
1283 630 1441 664 divisione
1456 630 1725 674 Conqreyationis
1745 631 1943 664 Clericorum

1248 683 1454 725 reyularium
1478 683 1516 716 de
1539 683 1713 716 Somasclza
1736 684 1773 716 in
1798 687 1859 716 tres
1873 694 1944 727 pro-

1249 736 1373 769 vincias
1384 734 1403 768 ¹.

1399 815 1567 843 Alexander
1586 816 1665 850 Papa
1684 816 1751 849 vn,

1326 860 1363 886 ad
1382 862 1559 894 perpetuam
1578 860 1622 887 rei
1644 860 1825 887 memoriam.

1251 930 1296 963 Ad
1320 930 1477 974 pastorale
1501 930 1670 973 fastigium,
1696 931 1823 974 superni
1843 930 1946 974 dispo-

1208 983 1320 1016 sitione
1345 982 1477 1025 consilii,
1492 983 1579 1016 nullo
1599 983 1671 1016 licet
1687 983 1874 1016 meritorum
1891 993 1948 1017 no-

1209 1040 1346 1067 strorum
1372 1034 1533 1077 suffragio,
1552 1035 1659 1077 evecti,
1681 1035 1712 1067 in
1737 1045 1803 1068 eam
1829 1035 1948 1078 praeci-

1209 1098 1269 1131 pue
1294 1098 1401 1120 curam
1427 1088 1567 1121 sollicitis
1592 1088 1702 1121 studiis
1727 1088 1948 1130 incumbimus,

1210 1146 1242 1173 ut
1267 1142 1528 1185 congregationes
1553 1142 1775 1184 religiosorum
1809 1143 1949 1176 virorum

1211 1195 1240 1226 in
1259 1195 1395 1228 Ecclesia
1422 1195 1474 1228 Dei
1501 1196 1552 1239 pie
1581 1200 1750 1238 sancteque
1782 1196 1950 1237 institutae,

1209 1258 1244 1281 ae
1269 1248 1381 1281 uberes
1405 1249 1561 1282 bonorum
1588 1259 1719 1292 operum
1746 1249 1874 1291 fruetus,
1899 1250 1952 1282 be-

1210 1301 1373 1334 nedicente
1398 1302 1541 1342 Domino,
1566 1302 1709 1346 proferre
1734 1302 1848 1345 iugiter
1872 1308 1952 1335 sata·

1211 1360 1329 1398 gentes,
1347 1365 1500 1398 prospere
1515 1355 1746 1399 salubriterque
1763 1356 1950 1399 dirigantur3

1211 1419 1274 1451 quo
1298 1408 1507 1441 laudabilibus
1527 1408 1676 1441 institutis
1700 1409 1764 1443 suis
1787 1409 1952 1442 inhaeren-

1213 1466 1278 1501 tes,
1304 1463 1407 1493 amota
1433 1472 1632 1505 quacumque
1664 1462 1951 1496 controversiarum

1212 1520 1242 1547 et
1265 1514 1468 1548 dissidiorum
1494 1515 1679 1556 occasione,
1705 1516 1897 1549 felicioribus
1921 1516 1953 1549 in

1213 1568 1299 1609 dies,
1324 1569 1428 1601 divina
1454 1569 1607 1612 largiente
1643 1570 1762 1612 gratia,
1787 1569 1954 1613 proficiant.

1214 1623 1422 1655 incrementis.

1258 1677 1273 1719 g
1298 1676 1325 1708 1.
1352 1677 1468 1720 Itaque,
1493 1676 1573 1709 utin
1593 1676 1842 1719 Congregatione
1865 1676 1954 1709 cleri—

1215 1740 1324 1763 corum
1363 1730 1557 1772 regularium
1582 1729 1619 1762 de
1648 1730 1816 1763 Somascha
1841 1740 1898 1774 pax
1924 1733 1954 1764 et

1216 1783 1363 1825 religiosa
1387 1782 1489 1815 unitas
1509 1787 1722 1823 conservetur,
1741 1788 1771 1816 et
1787 1783 1953 1826 dignitates

1216 1840 1307 1879 atque
1333 1836 1435 1869 officia
1455 1847 1512 1880 pro
1538 1836 1657 1869 meritis
1681 1846 1887 1880 personarum
1906 1847 1955 1870 ae·

1217 1889 1350 1932 qualiter
1375 1889 1613 1932 distribuantur,
1639 1890 1807 1933 providere
1832 1890 1956 1934 cupien-

1219 1948 1273 1983 tes,
1298 1942 1336 1975 de
1360 1947 1432 1976 voto
1450 1943 1704 1986 congregationis
1729 1944 1956 1977 nonnullorum

1220 1995 1444 2028 venerabilium
1470 1996 1603 2029 fratrum
1620 2002 1802 2030 nostrorum
1820 1996 1849 2030 S.
1870 1997 1904 2030 R.
1923 1997 1955 2030 E.

1220 2049 1436 2090 cardinalium,
1461 2059 1583 2082 necnon
1608 2049 1794 2083 dilectorum
1817 2050 1955 2083 filiorum

1220 2103 1377 2136 Romanae
1402 2103 1508 2136 euriae
1540 2103 1751 2146 praelatorum
1778 2114 1873 2147 super
1896 2113 1954 2136 ne-

1220 2156 1313 2199 gotiis
1339 2156 1523 2189 visitationis
1547 2157 1736 2200 apostolicae
1754 2156 1957 2189 eeclesiarum

1221 2213 1250 2243 et
1273 2209 1415 2242 locorum
1442 2209 1566 2252 piorum
1592 2210 1692 2242 almae
1720 2209 1809 2242 Urbis
1832 2214 1958 2243 nostrae

1221 2273 1237 2294 a
1261 2263 1352 2295 nobis
1377 2263 1519 2296 intitutae
1539 2262 1780 2306 deputatorum,

1255 2368 1267 2394 1
1291 2367 1387 2394 Clerici
1407 2368 1546 2402 regulares
1562 2368 1594 2394 de
1610 2367 1754 2395 Somascha
1769 2368 1887 2403 gaudent
1901 2376 1959 2395 om-

1221 2411 1302 2438 nihus
1322 2412 1469 2447 privilegiis
1488 2412 1633 2439 Ordinibus
1653 2412 1870 2440 Meudicantibus
1894 2421 1959 2440 con-

1221 2456 1303 2482 cessis
1322 2460 1349 2483 et
1366 2456 1546 2483 concedendis
1562 2464 1593 2483 ex
1608 2456 1685 2483 Pauli
1699 2456 1718 2482 V
1734 2457 1825 2484 Const.
1843 2457 1889 2484 Ea:
1904 2465 1959 2491 quo

1221 2501 1332 2535 divina,
1350 2504 1415 2528 tom.
1432 2508 1471 2535 xi,
1489 2509 1550 2536 pag.
1564 2500 1615 2527 450
1645 2501 1804 2528 Eorumdem
1822 2501 1960 2536 privilegia

1222 2545 1386 2572 confirmavit
1415 2546 1538 2572 Clemens
1559 2545 1635 2577 vul,
1657 2546 1746 2572 Const,
1774 2554 1803 2571 iix
1829 2547 1886 2579 (al.
1907 2545 1956 2579 51)

1226 2590 1317 2623 Decet,
1339 2594 1403 2618 tom.
1424 2597 1450 2623 Χ,
1472 2598 1531 2625 pag.
1554 2589 1596 2616 4⁶2.

1952 194 1999 220 An.
2015 193 2043 221 C.
2065 194 2127 223 ¹661

1988 941 2106 963 Exordium.

1993 1684 2080 1706 Motiva.
