2243 3205
253 208 289 232 Αιι
312 206 339 232 Γ..
364 205 431 232 1060

312 2288 424 2318 Derofgatio

242 2317 403 2336 contrariorum.

477 195 540 227 580

451 253 543 291 liunt,
567 252 618 296 pia
643 258 672 285 ct
697 250 891 297 privilegiata
918 255 1011 287 causa
1027 282 1034 296 ,
1059 256 1185 297 colore,

450 310 610 349 praetextu
626 312 653 338 et
668 307 778 350 capite,
793 307 885 339 etiam
904 307 934 340 in
955 319 1090 352 corpore
1110 309 1186 341 iuris

450 360 569 399 clauso,
596 360 687 392 etiam
714 361 870 401 enormis,
895 362 1131 395 enormissimae
1156 368 1186 395 et

450 413 551 445 totalis
576 413 731 455 laesionis,
750 413 814 446 ullo
828 424 965 458 unquam
981 419 1123 459 tempore
1147 415 1185 447 dc
1201 438 1202 444 η

448 466 660 509 subreptionis
680 467 726 499 vel
747 467 942 511 obreptionis
963 473 1015 502 aut
1034 468 1202 501 nullitatis*

448 519 494 550 vel
522 519 700 553 intentionis
724 525 849 554 nostrae
875 526 927 554 aut
952 522 1103 554 interesse
1131 522 1184 553 lia-

447 572 588 604 bentium
613 583 794 614 consensus,
812 574 911 607 aliove
929 574 1070 618 quolibet
1090 585 1184 619 quan-

447 626 562 658 tumvis
585 626 779 659 substantiali
804 632 857 662 aut
881 628 1112 671 inexcogitabili
1130 628 1183 660 de-

446 679 527 712 scetu
538 680 648 722 notari,
664 681 854 724 impugnari,
870 682 1044 722 invalidari,
1059 681 1184 714 restrin-

445 731 487 773 gi,
512 733 684 772 retractari,
709 733 738 765 in
763 734 1008 767 controversiam
1032 734 1182 775 revocari,

444 785 557 818 autad
584 787 735 820 terminos
768 787 844 819 iuris
877 787 1006 827 reduci,
1042 797 1097 820 seu
1131 787 1184 819 ad-

443 849 552 871 versus
577 840 644 872 illas
668 840 849 884 aperitionis
873 840 947 882 oris,
979 840 1184 873 restitutionis

443 891 474 923 in
501 892 729 935 integ1¹111n,vel
754 893 838 926 aliud
861 893 1082 937 quodcumque
1096 894 1183 935 iuris,

443 944 513 977 sacti
534 946 578 978 vel
597 946 716 988 gratiae
733 946 909 978 remedium
935 946 1107 990 impetrari,
1131 952 1183 979 aut

444 998 611 1041 impetrato
629 1025 636 1038 ‚
666 999 713 1031 vel
735 999 827 1032 etiam
854 1004 963 1039 motu,
996 999 1125 1033 scientia
1153 1005 1183 1032 et

442 1052 605 1094 potestatis
638 1052 833 1095 plenitudine
867 1053 996 1096 paribus
1032 1063 1182 1086 concesso

443 1104 622 1147 quempiam
656 1104 687 1136 in
713 1105 827 1138 iudicio
853 1106 900 1138 vel
925 1112 1012 1138 extra
1037 1106 1112 1139 illud
1138 1106 1200 1139 utir

443 1167 496 1189 seu
523 1167 554 1189 sc
581 1157 687 1190 iuvare
712 1168 822 1202 posse,
848 1158 901 1191 sed
927 1159 1052 1192 easdem
1084 1170 1178 1203 prae-

442 1215 544 1243 sentes
571 1211 689 1243 litteras
715 1222 840 1255 semper
864 1212 982 1253 firmas,
1010 1213 1126 1245 validas
1153 1219 1199 1246 et=

442 1264 582 1297 efficaces
596 1265 728 1298 existere
742 1271 771 1298 et
787 1266 862 1306 sore,
880 1276 915 1298 ac
931 1276 1003 1299 suos
1023 1266 1181 1310 plenarios
1198 1293 1199 1300 ,

442 1323 472 1350 ct
496 1318 636 1360 integros
671 1318 800 1351 effectus
832 1319 936 1351 sortiri
963 1323 992 1352 et
1016 1320 1199 1367 obtinere,v

442 1371 550 1414 sicque
575 1376 605 1403 et
628 1381 690 1404 non
715 1371 806 1404 aliter
828 1372 857 1404 in
878 1372 1060 1415 praemissis
1086 1373 1182 1406 omni-

442 1425 500 1457 bus
514 1429 543 1459 et
560 1425 691 1468 singulis
708 1426 840 1466 censeri,
854 1431 945 1469 atquc
964 1427 1004 1458 ita
1021 1437 1079 1470 per
1092 1437 1182 1470 quos-

443 1489 577 1522 cumque
603 1478 720 1511 iudices
745 1479 921 1512 ordinarios
946 1484 975 1511 et
1002 1479 1180 1523 delegatos,

442 1532 534 1565 etiam
562 1543 726 1565 causarum
746 1533 850 1576 palatii
876 1533 1040 1577 apostolici
1065 1534 1182 1567 audito-

440 1596 501 1626 res,
524 1597 559 1618 ac
583 1586 721 1619 eiusdem
744 1586 772 1619 S.
794 1587 828 1619 R.
847 1587 879 1619 E.
905 1587 1126 1629 camerarium,
1151 1594 1181 1621 et

440 1640 517 1672 alios
543 1639 726 1681 cardinales,
748 1640 842 1672 etiam
867 1640 905 1673 de
930 1640 1026 1673 latere
1050 1641 1180 1684 legatos,

440 1703 562 1726 necnon
588 1703 730 1725 camerae
754 1699 880 1726 nostrae
904 1693 1094 1737 apostolicae
1118 1694 1181 1727 thc-

440 1746 616 1779 saurarium
638 1747 828 1789 generalem,
846 1746 1070 1790 praesidentes,
1092 1748 1180 1781 cleri-

441 1811 504 1841 cos,
523 1800 638 1833 aliosve
663 1800 812 1834 officiales
836 1806 866 1833 et
891 1800 1050 1834 ministros
1075 1806 1104 1833 et
1129 1812 1179 1834 ce-

440 1860 533 1896 teros,
552 1854 659 1898 quavis
679 1854 864 1887 auctoritate
888 1860 918 1887 et
943 1859 1097 1897 potestate
1114 1855 1180 1888 sun-

440 1912 547 1950 gentes
573 1913 602 1939 et
626 1907 887 1951 quandocumque
909 1907 1082 1948 functuros,
1107 1907 1179 1940 sub-

440 1960 502 1992 lata
529 1960 573 1993 eis
597 1964 627 1994 et
652 1970 762 1993 eorum
788 1960 917 1993 cuilibet
945 1950 1054 2003 q'uavis
1089 1961 1197 1993 aliter¹

440 2013 595 2046 iudicandi
614 2019 644 2046 et
669 2013 897 2057 interpretandi
923 2013 1066 2047 facultate
1083 2018 1113 2048 et
1129 2024 1180 2047 au-

440 2067 592 2108 ‹toi-itate,
617 2067 741 2100 definiri
765 2067 901 2108 debere,
933 2078 968 2100 ac
993 2067 1117 2100 irritum
1150 2072 1179 2100 et

441 2121 543 2161 inane,
558 2121 581 2153 si
599 2131 688 2154 secus
706 2131 801 2164 super
820 2120 869 2153 his
886 2131 903 2153 a
920 2131 1090 2164 quoquam,
1108 2131 1178 2165 qua-

441 2175 485 2206 vis
510 2174 695 2207 auctoritate
710 2201 717 2214 ,
742 2174 877 2207 scienter
901 2174 948 2206 vel
974 2173 1177 2218 ignoranter,

440 2227 607 2270 contigerit
632 2227 786 2261 attentari.
824 2221 826 2223 ’

484 2282 498 2324 ἓ
523 2281 551 2314 4,
578 2282 646 2314 Non
675 2281 871 2314 obstantibus
901 2281 1102 2325 praemissis,
1131 2292 1177 2322 ae,

440 2340 593 2378 quatenus
619 2346 697 2378 opus
722 2334 770 2377 sit,
786 2335 894 2367 nostra
920 2339 949 2366 et
973 2334 1177 2367 cancellariae

440 2388 629 2430 apostolieae
654 2388 765 2430 regula
790 2387 828 2419 dc
851 2397 915 2419 non
946 2387 1084 2420 tollendo
1109 2387 1177 2420 iure

440 2440 598 2483 quaesito,
623 2446 653 2473 et
677 2441 775 2474 felicis
802 2440 1029 2474 recordationis
1052 2440 1096 2473 Pii
1122 2440 1178 2473 Pa-

439 2503 496 2535 pae
508 2493 544 2524 lv
558 2494 809 2536 praedecessoris
820 2493 917 2526 nostri
932 2493 969 2526 de
983 2493 1091 2536 gratiis
1104 2503 1178 2537 qua-

439 2546 605 2589 lecumque
631 2547 780 2580 interesse
804 2547 906 2579 dietae
930 2556 1072 2580 camerae
1103 2556 1178 2580 con-

441 2600 640 2634 cernentibus
664 2600 694 2632 in
719 2600 827 2633 eadem
853 2601 978 2634 camera
1003 2601 1085 2634 intra
1113 2611 1179 2635 cer-

1023 207 1200 231 BULLARIUM
1225 205 1377 230 ROMANUM

1221 260 1285 287 tum
1301 259 1373 286 tunc
1391 263 1573 297 expressum
1588 258 1712 297 tempus
1725 255 1958 298 praesentandis

1220 313 1249 339 et
1274 307 1490 349 registrandis,
1518 307 1559 339 ita
1579 311 1612 340 ut
1636 312 1815 351 praesentes
1839 307 1958 341 litteras

1221 359 1335 392 ibidem
1362 360 1553 403 praesentari
1572 365 1602 392 et
1619 359 1780 402 registrari
1798 370 1957 403 nunquam

1219 423 1346 445 necesse
1372 413 1419 455 sit,
1438 414 1568 457 aliisque
1586 413 1775 457 apostolicis,
1792 423 1828 446 ac
1845 413 1876 445 in
1893 414 1959 446 uni-

1220 466 1393 499 versalibus
1418 466 1727 509 provincialibusque
1751 471 1782 499 et
1806 465 1960 510 synodali-

1218 518 1276 551 bus
1290 519 1431 552 conciliis
1449 519 1550 559 editis,
1564 519 1762 562 generalibus
1777 519 1825 552 vel
1839 519 1957 562 specia-

1218 571 1298 605 libus
1315 599 1322 613 ,
1348 572 1619 606 constitutionibus
1648 578 1678 605 et
1698 572 1958 614 ordinationibus,

1218 635 1340 659 necnon
1365 626 1541 666 civitatum,
1570 626 1770 670 oppidorum,
1789 630 1957 668 terrarum,

1219 678 1372 720 locorum,
1390 690 1425 712 ac
1446 679 1660 720 ecclesiarum,
1681 678 1956 721 monasteriorum,

1219 732 1437 775 collegiorum,
1464 737 1684 773 conventuum,
1709 732 1867 773 ordinum,
1887 742 1958 766 con-

1218 785 1450 829 gregationum,
1479 785 1662 819 societatum
1689 791 1718 818 et
1742 785 1956 818 institutorum

1218 840 1443 884 quorumlibet,
1462 841 1593 883 aliisque
1610 840 1784 883 quibusvis,
1801 840 1894 872 etiam
1913 839 1957 874 iu-

1217 898 1382 935 ramento,
1415 893 1654 927 confirmatione
1686 893 1875 937 apostolica,
1908 893 1955 926 vel

1218 947 1328 990 quavis
1352 947 1500 980 firmitate
1525 947 1585 981 alia
1609 946 1767 980 roboratis
1784 973 1791 987 ,
1816 946 1956 988 statutis,

1217 1000 1343 1040 usibus,
1372 1000 1457 1044 stylis
1483 1005 1512 1033 et
1537 999 1837 1040 consuetudinibus,
1862 998 1955 1032 etiam

1217 1052 1534 1093 immemorabilibus,
1559 1052 1731 1096 privilegiis
1756 1062 1891 1096 quoque,
1908 1051 1956 1085 in-

1216 1105 1311 1138 dultis
1337 1111 1366 1138 et
1391 1106 1502 1139 litteris
1526 1105 1719 1150 apostolicis,
1745 1104 1802 1138 sub
1827 1105 1956 1150 quibus-

1216 1170 1351 1203 cumque
1381 1159 1549 1192 verborum
1587 1159 1748 1192 tenoribus
1772 1162 1801 1193 et
1825 1159 1955 1200 formis,

1215 1223 1251 1244 ac
1280 1223 1350 1245 cum
1376 1213 1536 1256 quibusvis
1562 1213 1653 1246 etiam
1679 1212 1953 1256 derogatoriarum

1215 1265 1444 1308 derogatoriis,
1470 1265 1601 1308 aliisque
1626 1265 1865 1305 efficacioribus,
1889 1265 1954 1298 effi-

1216 1318 1386 1351 cacissimis
1411 1322 1440 1352 et
1465 1319 1597 1351 insolitis
1621 1318 1778 1358 clausulis,
1807 1318 1955 1351 irritanti-

1215 1371 1336 1415 busque
1362 1377 1392 1404 et
1417 1372 1485 1404 aliis
1509 1372 1653 1412 decretis,
1671 1372 1702 1404 in
1726 1381 1842 1414 genere
1858 1371 1904 1404 vel
1922 1371 1954 1404 in

1215 1425 1330 1468 speeie,
1348 1435 1383 1457 ac
1400 1425 1475 1457 alias
1500 1425 1531 1457 in
1556 1425 1749 1458 contrarium
1767 1425 1967 1469 praemisso-·

1215 1489 1284 1510 rum
1310 1478 1548 1522 quomodolibet
1568 1479 1734 1521 concessis,
1760 1478 1954 1511 confirmatis

1215 1538 1245 1565 et
1263 1532 1433 1572 innovatis;
1461 1532 1575 1575 quibus
1592 1532 1740 1565 omnibus
1760 1537 1790 1564 et
1813 1531 1954 1574 singulis,

1214 1586 1333 1619 etiamsi
1347 1597 1405 1630 pro
1421 1586 1546 1619 illorum
1565 1585 1728 1618 sufficienti
1749 1585 1953 1628 derogatione

1214 1639 1252 1671 de
1277 1639 1337 1671 illis
1362 1649 1537 1682 eorumque
1553 1638 1626 1671 totis
1647 1638 1809 1671 tenoribus
1833 1637 1953 1682 specia-

1214 1692 1260 1733 lis,
1278 1693 1432 1736 specifica,
1451 1702 1598 1736 expressa
1621 1695 1651 1725 et
1675 1691 1844 1731 individua,
1861 1701 1898 1724 ac
1913 1691 1952 1725 de

1214 1746 1311 1779 verbo
1336 1746 1374 1778 ad
1399 1745 1540 1785 verbum,
1559 1755 1622 1778 non
1642 1749 1745 1778 autem
1762 1755 1819 1788 per
1833 1745 1953 1778 clausu-

1213 1799 1258 1831 las
1282 1799 1444 1841 generales
1469 1798 1549 1830 idem
1576 1797 1801 1841 importantes,
1834 1797 1952 1830 mentio

1213 1863 1267 1885 seu
1292 1852 1419 1896 quaevis
1444 1852 1502 1884 alia
1528 1851 1688 1895 expressio
1712 1855 1765 1885 aut
1788 1851 1888 1884 forma
1912 1850 1951 1884 ad

1213 1905 1273 1938 hoc
1298 1905 1449 1938 servanda
1474 1906 1570 1945 soret,
1599 1910 1724 1938 tenores
1748 1903 1950 1947 huiusmodi,

1212 1969 1248 1991 ae
1272 1959 1296 1991 si
1322 1958 1359 1991 de
1385 1958 1480 1991 verbo
1511 1958 1548 1990 ad
1582 1957 1711 1990 verbum
1738 1956 1952 1990 insererentur

1213 2015 1242 2045 et
1264 2011 1527 2055 exprimerentur,
1545 2010 1764 2054 praesentibus
1781 2021 1840 2054 pro
1859 2010 1950 2053 plene

1213 2070 1242 2097 et
1259 2065 1450 2097 sufficienter
1475 2064 1632 2108 expressis
1650 2067 1679 2097 et
1696 2063 1819 2097 insertis
1835 2061 1950 2096 habe'n-

1212 2123 1267 2158 tes,
1285 2117 1346 2150 illis
1363 2118 1438 2150 alias
1455 2117 1486 2149 in
1512 2127 1568 2150 suo
1593 2116 1709 2150 robore
1724 2115 1948 2160 permansuris,

1211 2171 1248 2204 ad
1267 2171 1513 2215 praemissorum
1531 2169 1686 2211 effectum,
1700 2170 1757 2202 hac
1777 2170 1842 2203 vice
1861 2169 1949 2203 dum-

1212 2229 1303 2266 taxat,
1329 2224 1506 2268 specialiter
1528 2229 1557 2256 et
1573 2234 1719 2267 expresse
1743 2223 1947 2267 derogamus3

1211 2278 1384 2321 ceterisque
1409 2277 1573 2311 contrariis
1594 2277 1853 2321 quibuscumque.

1255 2331 1269 2375 ἓ
1301 2330 1352 2364 10.
1389 2331 1539 2364 Volumus
1564 2336 1666 2364 autem
1700 2335 1734 2363 ut
1765 2330 1946 2363 earumdem

1210 2385 1420 2429 praesentium
1440 2384 1653 2428 transumptis,
1667 2384 1759 2417 etiam
1778 2383 1947 2428 impressis,

1211 2449 1304 2472 manu
1330 2439 1460 2471 alicuius
1484 2439 1597 2472 notarii
1614 2439 1731 2482 publici
1752 2437 1947 2482 subscriptis,

1210 2497 1240 2524 et
1265 2492 1368 2534 sigillo
1393 2502 1544 2535 personae
1568 2492 1597 2524 in
1619 2491 1828 2525 ecclesiastica
1851 2490 1948 2534 digni-

1211 2549 1271 2580 tate
1295 2545 1481 2579 constitutae
1505 2545 1655 2587 munius,
1684 2544 1791 2578 eadem
1815 2553 1946 2588 prorsus

1211 2599 1287 2632 fides
1312 2598 1497 2632 adhibeatur
1514 2599 1544 2631 in
1569 2598 1685 2632 iudicio
1702 2603 1732 2631 et
1751 2602 1848 2641 extra,
1866 2607 1946 2641 quae

1978 206 2028 232 An.
2039 205 2067 233 C.
2087 207 2155 234 1660

2002 2335 2146 2364 'transumptis

1962 2364 2020 2386 credi
2035 2364 2128 2385 mandat.
