2243 3205
54 171 106 200 An.
121 168 151 198 G.
172 168 236 197 166¹

100 2155 222 2176 Pontificum

43 2187 122 2203 morum
133 2183 223 2209 praede-

43 2213 145 2229 cessorum
187 2209 219 2229 de·

43 2237 98 2256 creta
107 2235 222 2257 confirmat.

853 167 1037 194 ALExANDER
1062 168 1107 194 vn
1130 169 1179 194 Pr.

248 216 379 261 possint,
405 215 527 250 valeant
543 221 573 250 et
591 216 725 250 debeant
749 216 780 250 in
799 217 946 251 omnibus
963 222 993 251 et

248 280 307 313 per
320 269 425 303 omnia
438 270 556 314 absque
569 271 674 315 aliqua
690 271 834 304 similiter
848 271 992 304 differen-

248 323 291 356 tia
315 324 481 357 statuimus
501 329 531 357 et
551 325 749 359 ordinamus:
782 325 991 371 volumusque

248 377 353 418 etiam,
379 388 415 411 ae
440 377 557 412 eisdem
575 379 836 423 procuratoribus
860 389 991 422 genera-

247 431 329 464 libus
354 441 409 464 seu
434 441 545 464 eorum
564 432 748 473 substitutis,
767 437 801 465 ut
817 432 885 465 loca
902 442 991 476 prae-

246 485 329 518 dicta
353 485 469 518 montis
489 485 598 528 vigore
622 486 834 529 praesentium
855 485 988 529 augendi

245 549 318 572 eum
336 538 513 572 interventu
534 538 607 571 dicti
626 539 813 572 thesaurarii
834 539 989 583 generalis

246 591 435 635 cuicumque
460 592 644 634 mercatori,
674 603 728 625 seu
753 592 821 625 aliis
845 593 989 637 personis

245 646 409 679 meliorem
425 644 636 678 conditionem
656 645 872 687 offerentibus,
886 647 988 690 pretio

244 699 326 732 inter
350 708 404 732 eos
428 698 666 739 conveniendo,
692 698 828 732 vendere
853 705 882 732 et
907 700 984 733 alie--

243 761 343 793 nare,
367 751 569 796 pretiumque
594 751 666 784 inde
691 751 899 794 redigendum
914 779 921 793 ,
955 759 988 786 ut

243 805 433 850 praefertur,
458 810 488 838 et
512 815 576 838 non
600 805 685 846 alias,
711 805 869 849 deponere
886 806 986 840 libere

242 859 390 894 similiter
414 863 445 892 et
465 858 549 892 licite
573 859 713 903 possint,
738 869 773 892 ac
798 860 891 892 etiam
917 870 985 893 om-

242 913 318 947 nino
342 918 525 956 teneantur,
550 912 728 945 facultatem
754 913 899 947 similiter
919 914 983 947 im-

241 968 409 1013 pertimur.

286 1022 302 1066 g
326 1021 355 1054 5.
380 1021 418 1054 Et
440 1019 647 1054 nihilominus
677 1020 783 1054 omnia
807 1026 837 1054 et
862 1021 984 1065 singula

240 1076 424 1121 praemissa,
439 1086 474 1109 ac
490 1076 550 1109 alia
564 1086 675 1109 eorum
691 1076 800 1119 vigore
814 1087 871 1120 per
885 1077 984 1111 dictas

241 1129 503 1173 congregationes
535 1140 591 1163 seu
625 1140 733 1162 earum
760 1135 984 1174 procuratores

240 1183 404 1226 generales
440 1187 493 1215 aut
524 1182 650 1216 illorum
688 1183 875 1216 substitutos
910 1195 981 1217 cum

239 1235 418 1269 interventu
442 1236 517 1269 dicti
541 1235 730 1269 thesaurarii
754 1236 928 1279 generalis,
954 1242 983 1272 et

240 1289 448 1323 instrumenta
461 1289 595 1333 desuper
613 1289 809 1330 celebranda,
827 1300 898 1323 cum
919 1301 982 1324 om-

239 1343 333 1376 nibus
347 1343 378 1376 in
391 1343 452 1376 illis
467 1343 631 1386 contentis,
650 1343 744 1376 licitis
761 1348 865 1377 tamen
883 1349 913 1377 et
930 1345 981 1378 ho-

238 1396 346 1439 nestis,
365 1407 401 1430 ac
424 1396 459 1429 a¹
476 1397 573 1430 sacris
591 1397 765 1430 canonibus
781 1407 844 1431 non
866 1398 982 1443 impro-

238 1450 329 1493 batis,
355 1460 393 1483 ex
424 1460 508 1483 nunc
532 1455 627 1494 prout
652 1461 688 1483 ex
715 1454 787 1484 tune
811 1457 978 1495 postquam

238 1504 320 1538 facta
344 1509 374 1537 et
398 1504 556 1538 celebrata
580 1503 714 1546 suerint,
741 1505 926 1538 auctoritate
951 1511 981 1538 et

239 1561 347 1592 tenore
371 1557 540 1602 praedictis
564 1557 775 1602 approbamus
804 1564 834 1591 et
864 1559 979 1592 confir-

238 1621 379 1653 mamus,
409 1611 533 1656 illisque
567 1611 756 1644 inviolabilis
788 1609 979 1656 apostolieae

237 1665 395 1699 firmitatis
419 1665 520 1699 robur
544 1665 730 1706 adiicimus‚
755 1675 790 1698 ac
815 1676 924 1699 omnes
950 1672 979 1699 et

237 1719 379 1763 singulos
403 1725 466 1752 tam
493 1719 570 1752 iuris
601 1729 695 1762 quam
724 1719 794 1752 facti
824 1730 860 1753 ae
885 1720 977 1753 etiam

238 1773 490 1809 substantialium
515 1772 619 1805 forsan
645 1773 879 1806 solemnitatum
901 1785 978 1818 quo-

237 1828 411 1863 modolibet
435 1827 623 1860 emissarum
648 1826 797 1868 desectus,
822 1828 847 1860 si
869 1829 922 1872 qui
948 1829 978 1861 in

238 1882 356 1916 eisdem
380 1880 616 1921 intervenerint,
640 1881 810 1924 praecipue
834 1892 909 1915 vcro
930 1882 979 1915 de—

237 1936 336 1970 fectus
353 1934 573 1968 mandatorum
595 1934 778 1978 specialium
795 1945 830 1967 ac
847 1945 979 1978 genera-

237 1989 316 2023 lium
333 1988 372 2021 ad
391 1987 564 2032 praemissa
579 1987 721 2020 facienda
740 1987 977 2032 requisitorum,

237 2047 327 2076 motu
340 2046 370 2075 et
385 2041 516 2074 scientia
532 2040 696 2081 similibus,
710 2041 778 2085 pari
793 2041 978 2076 auctoritate

238 2101 269 2131 et
286 2101 405 2138 tenore,
427 2095 621 2139 supplemus.

282 2152 297 2196 ἓ
321 2150 350 2184 6.
375 2150 574 2184 Declarantes
606 2149 690 2193 quod
716 2159 773 2193 per
797 2149 977 2184 huiusmodi

236 2204 475 2239 subventionem
491 2214 509 2236 a
524 2202 614 2237 nobis
628 2208 662 2236 ut
674 2203 790 2247 petitur
803 2203 975 2237 faciendam

235 2258 420 2305 privilegiis,
440 2257 699 2298 immunitatibus,
724 2258 976 2301 exemptionibus

237 2318 267 2347 et
291 2312 410 2356 gratiis,
422 2316 485 2344 tam
503 2322 560 2355 per
573 2310 769 2356 praedictum
788 2311 876 2344 Pium
890 2322 977 2356 prae-

236 2367 435 2401 decessorem
467 2375 524 2410 per
557 2364 623 2398 eius
658 2364 777 2397 litteras
816 2365 874 2397 sul>
904 2365 975 2399 data

237 2430 318 2454 anno
342 2429 459 2461 MDLxx,
484 2428 537 2451 x1v
561 2418 711 2451 kalendas
728 2418 847 2462 aprilis,
872 2419 975 2463 ponti-

234 2473 346 2508 ficatus
370 2473 417 2506 sui
442 2482 523 2506 anno
548 2481 594 2513 vl,
619 2482 712 2515 quam
738 2482 796 2516 per
814 2472 884 2516 plac
912 2483 976 2506 me-

1025 218 1277 262 praedecessoris
1301 221 1401 254 nostri
1426 220 1556 264 litteras,
1575 221 1633 256 sub
1653 223 1769 257 annulo

1027 271 1211 313 Piscatoris,
1236 272 1286 305 die
1309 283 1329 306 v
1354 273 1427 306 maii
1453 284 1576 316 mxcv,
1608 286 1643 309 ac
1673 276 1766 309 etiam

1025 335 1081 368 per
1105 325 1181 357 alias
1211 325 1351 359 eiusdem
1382 327 1549 361 Clementis
1582 329 1768 372 praedeces-

1025 377 1105 411 soris
1129 378 1247 412 litteras
1272 379 1303 412 in
1335 381 1437 414 forma
1469 383 1696 426 motusproprii
1721 383 1767 425 ,de

1024 441 1106 465 anno
1130 442 1273 475 moxcvn,
1290 443 1345 466 seu
1366 434 1441 467 alias
1454 434 1571 468 eisdem
1597 446 1767 480 congrega-

1026 485 1162 518 tionibus
1183 486 1350 529 concessis,
1367 488 1544 521 nullatenus
1569 490 1765 533 praeiudica-

1024 544 1090 571 tum
1115 539 1154 571 sit
1178 545 1231 575 aut
1252 550 1320 573 esse
1345 547 1526 582 censeatur3
1551 543 1616 576 imo
1641 544 1765 587 privile-

1023 593 1083 636 gia,
1108 593 1333 635 immunitates,
1359 595 1575 639 exemptiones
1596 600 1625 630 et
1648 597 1764 640 gratias

1023 645 1209 689 praedictas,
1220 656 1255 679 ac
1266 647 1358 679 etiam
1378 658 1486 681 omnes
1504 654 1534 681 et
1550 660 1764 694 quascumque

1022 699 1097 732 alias
1121 699 1257 742 gratias,
1292 700 1506 735 immunitates
1538 707 1567 734 et
1598 703 1764 746 privilegia

1021 763 1079 796 per
1103 764 1322 798 quoscumque
1346 755 1606 798 praedecessores
1638 763 1763 790 nostros

1021 807 1259 849 quomodolibet
1283 818 1449 849 concessa,
1475 814 1628 852 quatenus
1659 815 1763 844 tamen

1021 860 1082 892 sint
1106 860 1136 893 in
1162 871 1229 904 usu⁷
1248 866 1278 894 et
1295 861 1430 894 decretis
1454 862 1535 895 sacri
1553 862 1682 896 Concilii
1699 864 1763 896 Tri-

1020 913 1138 946 dentini
1162 924 1224 948 non
1255 914 1481 956 adversentur,
1514 916 1626 949 harum
1659 918 1761 959 serie,

1019 973 1173 1011 quatenus
1198 979 1278 1012 opus
1303 969 1351 1010 sit,
1369 969 1407 1002 de
1424 979 1507 1003 novo
1525 970 1760 1015 confirmamus,

1019 1021 1232 1064 approbamus
1253 1028 1283 1056 et
1299 1023 1495 1065 innovamus,
1514 1024 1628 1068 illaque
1642 1025 1760 1058 eisdem

1019 1076 1319 1118 congregationibus
1344 1077 1568 1110 inviolabiliter
1598 1078 1760 1112 observari

1018 1128 1221 1170 mandamus,
1246 1129 1370 1163 etiamsi
1395 1135 1458 1163 tam
1483 1131 1605 1164 litterae
1634 1132 1758 1175 praedi-

1018 1187 1084 1215 ctae
1098 1182 1143 1215 Pii
1157 1183 1180 1215 V
1193 1194 1287 1226 quam
1298 1184 1464 1217 Clementis
1476 1184 1758 1228 praedecessorum

1017 1235 1217 1277 huiusmodi,
1249 1241 1279 1269 et
1310 1237 1389 1270 aliae
1421 1247 1638 1281 quaecumque
1663 1249 1758 1282 super

1015 1289 1208 1332 praemissis,
1228 1289 1259 1322 in
1277 1292 1402 1323 camera
1421 1292 1594 1334 apostolica
1613 1293 1758 1335 registra-

1016 1349 1063 1376 tae
1087 1353 1150 1377 non
1167 1349 1280 1385 essent,
1293 1354 1356 1378 non
1374 1345 1517 1378 obstante
1535 1346 1757 1379 constitutione

1015 1397 1127 1430 similis
1151 1398 1324 1431 memoriae
1350 1399 1395 1431 Pii
1420 1399 1458 1431 IV
1481 1399 1602 1442 pariter
1625 1400 1756 1443 praede-

1015 1451 1149 1484 cessoris
1172 1451 1273 1485 nostri
1297 1451 1335 1485 de
1361 1451 1615 1496 quibuscumque
1645 1453 1756 1486 litteris

1014 1510 1043 1536 et
1067 1505 1176 1547 gratiis
1201 1505 1352 1539 interesse
1377 1516 1520 1539 camerae
1542 1507 1756 1539 concernenti-

1013 1557 1071 1591 bus
1103 1559 1330 1602 registrandis;
1368 1559 1506 1592 volentes
1542 1559 1635 1592 etiam
1670 1560 1754 1603 quod

1012 1617 1192 1654 praesentes
1216 1617 1339 1645 nostras
1364 1612 1395 1645 in
1420 1612 1530 1646 eadem
1555 1615 1680 1646 camera
1704 1624 1754 1647 re-

1012 1665 1146 1709 gistrare
1167 1676 1221 1699 seu
1246 1665 1409 1709 registrari
1434 1666 1537 1699 facere
1555 1667 1684 1700 minime
1709 1671 1752 1701 te-

1012 1724 1155 1752 neantur.

1057 1776 1071 1817 g'
1095 1774 1124 1807 7.
1148 1773 1356 1806 Decernentes
1381 1772 1509 1817 insuper
1534 1782 1570 1805 ea
1594 1773 1698 1806 omnia
1723 1779 1754 1807 et

1012 1827 1135 1870 singula
1158 1826 1268 1868 firma,
1291 1826 1392 1859 valida
1416 1831 1446 1859 et
1470 1826 1607 1859 efficacia
1631 1838 1697 1860 esse
1723 1834 1753 1861 ct

1012 1882 1099 1923 fore,
1125 1890 1261 1924 suosque
1284 1880 1443 1924 plenarios
1469 1884 1498 1914 et
1522 1880 1662 1923 integros
1682 1881 1752 1914 effe-

1012 1940 1080 1968 ctus
1097 1935 1203 1968 sortiri
1222 1940 1252 1968 et
1269 1935 1411 1968 obtinere
1426 1934 1551 1974 debere,
1568 1945 1603 1968 ac
1617 1946 1673 1979 per
1689 1946 1753 1968 om-

1011 1999 1066 2022 nes
1085 1994 1115 2021 et
1131 1988 1270 2031 singulas
1291 1988 1552 2031 congregationes
1566 1989 1751 2033 praedictas,

1012 2043 1142 2087 perinde
1174 2053 1209 2076 ac
1241 2043 1266 2076 si
1298 2048 1522 2086 procuratores
1554 2053 1608 2075 scu
1641 2053 1751 2076 eorum

1012 2096 1170 2131 substituti
1182 2096 1334 2140 praedicti
1344 2096 1411 2129 illas
1422 2107 1492 2129 cum
1506 2096 1631 2140 speciali
1643 2107 1750 2129 carum

1012 2150 1158 2183 mandato
1183 2149 1385 2193 obligassent,
1407 2160 1442 2182 ac
1467 2149 1545 2182 alios
1569 2160 1688 2190 omneS,
1713 2149 1751 2182 ad

1011 2215 1089 2249 quos
1109 2203 1270 2248 spectabit,
1292 2203 1487 2237 observanda
1504 2213 1582 2243 esse,
1602 2213 1749 2247 praesen-

1011 2263 1119 2301 tesque
1155 2257 1273 2290 litteras
1308 2257 1395 2290 nullo
1420 2267 1557 2300 unquam
1587 2261 1750 2300 tempore,

1010 2311 1103 2344 etiam
1129 2321 1165 2343 ex
1194 2321 1231 2343 eo
1260 2310 1343 2354 quod
1372 2309 1551 2354 praedictae
1576 2320 1751 2353 congrega-

1011 2365 1121 2405 tiones,
1139 2368 1168 2397 et
1185 2363 1376 2407 quicumque
1402 2363 1453 2395 alii
1470 2362 1508 2395 ad
1526 2373 1605 2406 quos
1619 2368 1749 2407 spectat,

1010 2417 1193 2462 praemissis
1225 2427 1375 2461 expresse
1411 2422 1440 2449 et
1476 2416 1662 2449 nominatim
1686 2427 1750 2451 non

1010 2471 1235 2513 consenserint,
1261 2475 1315 2504 aut
1338 2470 1413 2503 alias
1438 2469 1686 2514 quomodolibet,
1711 2471 1749 2504 dc

235 2527 356 2562 moriae
391 2525 556 2560 Clementis
596 2525 697 2569 Papae
734 2526 799 2559 VIII
831 2526 975 2561 similiter
1009 2525 1222 2569 subreptionis
1246 2524 1294 2558 vel
1319 2524 1515 2568 obreptionis
1536 2524 1610 2558 vitio
1634 2529 1686 2558 aut
1706 2525 1750 2558 in-

272 2593 284 2618 ¹
304 2589 456 2625 Praeposit.
472 2597 490 2616 α
509 2596 558 2616 nos
573 2588 697 2616 addimus
711 2589 750 2622 (a.
767 2589 816 2623 an).

336 2643 414 2674 Bun.
430 2644 511 2676 Rom.
528 2659 564 2666 —
582 2644 640 2673 Vol.
656 2643 731 2672 XVI.
877 2643 911 2672 92

1009 2578 1154 2614 tentionis
1178 2583 1303 2613 nostrae
1326 2578 1374 2612 vel
1399 2577 1460 2612 alio
1489 2577 1611 2612 defectu
1633 2579 1746 2622 notari,

1673 165 1737 200 7⁶29
1785 176 1833 204 An.
1851 176 1879 203 c.
1901 176 1964 204 1661

1795 1784 1915 1805 Clausulas.
