2185 3188
53 187 102 214 An.
124 187 151 214 C.
171 187 237 215 1655

124 249 238 270 Contrariis

56 277 150 302 derogat.

849 190 1034 213 ,mmmmm
1062 192 1103 213 ‘stt
1129 191 1175 213 rr.
1696 182 1737 211 ,³:13

298 234 313 279 ξ
338 235 367 268 4.
391 235 461 269 Non
481 235 677 270 obstantibus
703 236 893 281 apostolicis,
908 247 943 269 ac
964 237 993 269 in
1011 245 1012 248 ’

254 289 483 322 universalibus
508 290 821 334 provincialibusque
853 296 884 323 et
905 301 994 335 syno-

253 342 375 376 dalibus
405 344 547 377 conciliis
578 344 689 384 editis,
722 344 923 387 generalibus
947 345 1012 377 vel*

253 396 451 439 specialibus,
472 397 746 431 constitutionibus
771 402 799 430 et
824 397 995 431 ordinatio-

253 449 345 482 nibus
360 476 367 490 ‚
393 450 568 495 ceterisque
593 450 759 484 contrariis
784 450 991 494 quibuscum-

253 513 323 546 que.

298 556 409 590 Datum
434 557 567 598 Romae,
588 557 671 601 apud
695 557 724 590 S.
749 556 878 589 Mariam
904 557 995 590 Maio-

254 620 342 651 rem,
367 610 424 643 sub
445 611 561 644 annulo
579 611 753 653 Piscator-is,
780 610 830 643 die
848 621 935 645 xxvi]
953 611 996 644 iu-

255 663 286 696 lii
299 664 623 708 Mncm'‚p011titicatus
636 665 737 698 nostri
747 675 828 698 anno
842 676 861 698 1.

290 726 349 754 Dat.
371 726 414 754 die
433 726 466 754 27
486 726 545 754 iulii
568 727 644 761 1655,
666 727 759 762 pontif.
780 736 849 755 anno
870 734 886 754 1.

573 871 676 904 xxm.

257 960 432 994 Com-mittit
455 959 603 992 auditori
626 960 725 992 Rotae
748 960 915 993 Romanae
937 959 995 991 Bi-

300 1014 372 1046 chio
396 1017 431 1046 nt
456 1013 601 1046 absolvat
618 1014 802 1058 capitulum
820 1018 848 1046 et
864 1015 997 1047 cationi-

299 1077 348 1099 cos
365 1067 403 1100 Β.
421 1067 548 1100 Mariae
572 1066 609 1099 de
635 1066 744 1099 stilari
761 1067 905 1100 civitatis
925 1068 997 1101 Cae-

300 1124 562 1164 sarauyuslanae
574 1131 594 1153 a
613 1121 757 1153 censuris
774 1125 802 1153 et
824 1121 934 1164 poenis
952 1121 997 1153 in-

301 1176 402 1208 cursis
425 1175 460 1208 ob
491 1185 639 1208 recursus
669 1175 712 1208 ad
744 1175 866 1208 iudices
899 1175 997 1207 laicos

301 1230 338 1262 in
354 1229 453 1262 cause
471 1239 566 1273 super
589 1229 809 1272 antiquissima
834 1229 996 1262 cathedra-

301 1282 387 1315 litate
411 1293 480 1316 cnm
504 1282 669 1315 canonicis
685 1282 739 1316 SS.
757 1282 938 1315 Salz'atoris
965 1292 996 1314 e-

303 1335 429 1369 iusdem
453 1336 597 1368 civitatis
625 1346 734 1369 coram
758 1336 827 1379 ipso
852 1335 997 1368 indecisii

302 1389 486 1434 pendente¹.

261 1460 374 1488 Dilecto
395 1460 457 1487 filio
477 1460 620 1495 magistro
640 1460 718 1488 Gelio
738 1460 856 1494 Bichio,
878 1463 997 1496 capper-

297 1505 366 1532 lano
384 1508 488 1533 nostro
508 1508 539 1533 et.
558 1512 716 1533 causarum
741 1506 820 1533 sacri
839 1507 946 1540 palatii
967 1514 998 1534 a·

297 1550 437 1584 postolici
456 1550 597 1585 auditori,

455 1603 623 1631 Alexander
643 1604 722 1637 Papa
741 1604 804 1631 VII.

531 1665 645 1693 Dilecto
673 1665 726 1696 fili,

295 1709 426 1737 salutem
446 1711 478 1736 et
498 1709 694 1743 apostolicam
716 1709 963 1738 benedictionem.

305 1790 320 1833 ξ
345 1789 373 1822 l.
398 1790 504 1833 Nuper
529 1800 588 1834 pro
612 1795 699 1834 parte
717 1790 903 1824 dilectorum
920 1791 1000 1824 silio-

261 1854 331 1876 rum
345 1870 352 1884 ,
378 1842 467 1876 etc.⁹.

304 1895 416 1929 Datum
442 1896 569 1937 Romae,
593 1896 676 1940 apud
697 1896 726 1930 S.
754 1897 882 1930 Mariam
912 1898 1002 1931 Maio-

261 1960 339 1993 rem,
358 1950 416 1983 sub
433 1951 549 1984 annulo
567 1951 745 1992 Piscator-is,
763 1951 812 1984 die
830 1963 916 1986 xxvu
933 1952 998 1986 iulii
1017 1957 1019 1989 Ξ

262 2013 376 2044 Μυοιν,
398 2004 600 2048 pontificatus
624 2005 723 2039 nostri
748 2016 830 2039 anno
854 2016 874 2039 1.

297 2066 356 2093 Dat.
373 2066 416 2094 die
431 2066 464 2094 27
480 2067 536 2095 iulii
555 2068 632 2102 1655,
650 2068 743 2103 pontif.
761 2077 831 2096 anno
847 2077 865 2096 1.

580 2194 683 2227 XXIV.

262 2264 419 2299 Facultas
442 2266 562 2300 nnncz'o
586 2267 680 2310 renni
697 2266 863 2307 Polom‘ae,
880 2271 915 2300 nt
934 2277 1001 2300 con-
1018 2278 1019 2309 j

307 2318 397 2351 cedat
420 2317 503 2351 clero
527 2318 608 2352 dicct·
636 2320 730 2363 reyni
756 2320 922 2353 licentiam
948 2314 1019 2364 tri-J

308 2371 428 2405 buendi
436 2371 617 2406 subsidium
629 2374 698 2418 reyi
712 2378 823 2418 sponte
832 2385 892 2418 pro
904 2375 1001 2408 unici?

298 2461 309 2486 t
328 2459 365 2486 Ex
381 2460 490 2494 Regest.
508 2460 534 2487 in
549 2460 654 2488 Secret.
670 2462 808 2489 Brevium.
1019 2417 1021 2509 ,ξ

296 2504 313 2531 2
327 2505 465 2540 Ipsissima
480 2509 521 2532 est
535 2505 568 2533 ad
581 2507 796 2542 praecedentem,
813 2509 933 2544 exceptis
947 2518 1003 2536 ver·
1019 2517 1021 2529 ¹

261 2548 303 2576 bis
312 2557 400 2584 super
418 2550 625 2585 antiquissima
644 2552 866 2581 cathedraticum
882 2554 909 2580 in
925 2554 1000 2581 rubr.

262 2594 428 2631 praemissis,
447 2595 564 2632 ideoque
585 2596 720 2632 reliquum
741 2597 889 2628 omittimus
905 2599 1001 2636 (miz).

1073 238 1157 277 ricc,
1183 242 1212 270 et
1234 248 1294 281 pro
1323 239 1450 271 summe?
1477 249 1561 282 ‹Jttcte
1593 238 1657 282 ipsi
1688 239 1769 271 clem

1073 291 1236 324 ridebitur
1259 291 1432 325 dunelmi!
1445 291 1463 325 ¹.

1027 363 1195 390 Venerabili
1222 363 1311 390 fratri
1338 363 1475 397 episcopo
1501 363 1672 395 Laudensi‚
1694 363 1771 397 apud

1064 407 1255 435 carissimum
1288 408 1319 435 in
1354 408 1468 435 Christo
1508 409 1602 435 filium
1635 411 1772 435 nostrum

1064 452 1206 480 Ioannem
1235 452 1409 479 casimirum
1430 453 1570 480 Potoniae
1598 456 1628 480 et
1648 454 1772 481 Sveciae

1064 505 1165 532 regem
1185 497 1338 524 illustrem
1365 501 1469 525 nostro
1491 501 1522 525 et
1543 499 1627 525 Sedis
1647 499 1771 533 Aposto-

1065 543 1143 570 licae
1163 542 1286 573 nuncio,

1223 587 1391 614 Alexander
1417 586 1495 620 Papa
1515 587 1577 613 vlt.

1241 648 1429 676 Venerabilis
1450 648 1560 678 frater,

1065 694 1194 720 salntem
1215 695 1246 720 et
1266 693 1464 726 apostolicam
1483 692 1735 720 benedictionem.

1074 763 1088 806 ἓ
1118 762 1142 795 l.
1168 762 1254 804 Cum,
1273 762 1353 795 sicut
1373 762 1562 806 accepimus,
1587 763 1690 795 dilecti
1716 763 1771 795 filii

1030 818 1132 850 clerus
1150 816 1240 860 regni
1259 816 1415 857 Poloniae,
1429 816 1559 860 provide
1576 816 1773 849 consideran-

1030 875 1075 903 tes
1093 880 1226 913 regnum
1251 869 1445 914 praedicturi]
1464 869 1614 912 gravibus
1631 869 1668 901 ad
1686 880 1772 913 prae-

1030 933 1102 956 sens
1125 923 1364 956 necessitatibus
1378 923 1497 965 urgeri,
1522 928 1551 954 et
1576 922 1771 955 imminentia

1031 977 1074 1009 illi
1094 977 1236 1020 pericula
1254 981 1314 1008 tam
1341 975 1558 1009 ecclesiasticis
1574 987 1667 1019 quam
1685 976 1772 1009 laicis

1031 1031 1225 1073 communia,
1240 1031 1329 1073 regni
1344 1041 1419 1063 vero
1434 1030 1585 1074 praedicti
1600 1031 1681 1063 vires
1695 1030 1772 1063 adeo

1031 1085 1196 1118 exhaustas
1232 1094 1321 1124 esse,
1352 1089 1386 1116 ut
1422 1084 1576 1116 laicorum
1612 1084 1773 1117 facultates

1031 1140 1197 1173 sufficienti
1223 1139 1374 1179 subsidio,
1392 1149 1454 1182 quo
1475 1139 1592 1171 eisdem
1611 1139 1774 1172 necessita-

1031 1194 1113 1227 tibus
1139 1193 1343 1226 subveniatur
1371 1198 1401 1225 et
1425 1193 1574 1237 periculis
1606 1194 1774 1237 praedictis

1031 1253 1228 1289 occurratur,
1246 1247 1459 1291 comparando
1483 1257 1683 1291 nequaquam
1704 1258 1775 1292 sup-

1031 1308 1158 1346 petant,
1189 1313 1249 1346 pro
1273 1302 1420 1345 publicae
1456 1302 1564 1334 salutis
1591 1302 1774 1346 patriaeque

1031 1357 1210 1390 defensione
1249 1357 1387 1400 aliquam
1422 1357 1574 1400 pecuniae
1619 1367 1774 1389 summam

1032 1410 1162 1443 subsidii
1183 1410 1311 1443 nominc
1332 1410 1494 1443 carissimo
1515 1410 1545 1442 in
1566 1410 1689 1443 Christo
1710 1409 1775 1442 filio

1032 1469 1141 1497 nostro
1164 1464 1273 1497 loanni
1297 1463 1450 1497 Casimiro
1473 1464 1620 1496 Potoniae
1645 1469 1674 1496 et
1705 1464 1776 1496 Sve-

1034 1517 1099 1550 eiae
1119 1517 1188 1561 regi
1209 1517 1333 1557 illustri,
1348 1519 1455 1550 nostra
1471 1522 1501 1549 et
1517 1517 1605 1550 Sedis
1623 1517 1776 1561 Apostoli-

1034 1581 1088 1604 cae
1104 1571 1142 1603 ad
1167 1571 1199 1604 id
1223 1571 1391 1604 accedente
1415 1571 1541 1603 licentia
1563 1576 1592 1603 et
1610 1581 1775 1610 consensu,

1035 1630 1146 1668 sponte
1166 1626 1311 1658 conferre
1325 1625 1517 1657 desiderent:
1537 1635 1604 1666 nos,
1624 1625 1774 1667 praedicti

1036 1679 1159 1711 Ioannis
1191 1678 1333 1711 Casimiri
1363 1678 1447 1721 regis
1472 1684 1501 1710 et
1526 1678 1600 1711 dicti
1630 1678 1776 1711 l'oloniae

1036 1732 1125 1774 regni
1150 1731 1389 1764 necessitatibus
1406 1731 1587 1764 huiusmodi
1600 1732 1775 1774 consulere,

1035 1785 1247 1828 periculisque
1265 1785 1445 1828 praedictis,
1460 1791 1613 1828 quantum
1631 1786 1722 1818 nobis
1740 1797 1774 1818 ex

1035 1840 1097 1872 alto
1122 1839 1316 1879 conceditur,
1340 1849 1509 1872 occurrere
1534 1840 1683 1881 volentes,
1711 1840 1775 1882 tibi,

1036 1892 1268 1924 venerabilibus
1296 1893 1446 1925 fratribus
1477 1893 1723 1937 archiepiscopis
1748 1899 1773 1926 et

1035 1946 1201 1990 episeopis,
1217 1957 1252 1979 ac
1265 1946 1386 1979 dilectis
1401 1947 1472 1979 filiis
1485 1947 1651 1980 abbatibus
1666 1953 1695 1980 et
1708 1948 1777 1980 aliis

1035 2001 1178 2044 personis
1209 2000 1427 2033 ecclesiasticis
1455 2001 1595 2033 eiusdem
1626 2002 1725 2044 regni,
1744 2007 1777 2033 ut

1035 2064 1092 2096 pro
1110 2054 1346 2087 necessitatibus
1372 2059 1399 2087 et
1423 2055 1570 2098 perieulis
1596 2055 1775 2088 lmiusmodi

1035 2107 1209 2140 subsidium
1226 2108 1387 2151 praedicto
1406 2108 1511 2141 Ioanni
1529 2109 1681 2142 Casimiro
1699 2109 1776 2152 regi,

1035 2166 1145 2204 sponte
1182 2166 1285 2194 tamen
1318 2173 1376 2205 pro
1408 2164 1470 2194 una
1497 2163 1563 2195 viee
1592 2168 1621 2195 et
1653 2166 1774 2196 summa

1035 2225 1115 2258 quae
1132 2215 1176 2247 eis
1192 2215 1348 2248 videbitur
1362 2215 1520 2248 dumtaxat
1551 2217 1699 2255 tribuere⁷
1719 2217 1775 2260 ipsi

1035 2274 1139 2301 autem
1165 2269 1272 2302 Ioanni
1297 2270 1449 2303 Casimiro
1474 2271 1541 2313 regi
1571 2271 1699 2314 eiusque
1724 2272 1778 2303 mi-

1035 2322 1151 2364 nistris,
1170 2322 1255 2366 quod
1273 2323 1448 2355 subsidium
1474 2324 1654 2357 huiusmodi
1670 2330 1784 2368 petere·

1037 2380 1067 2408 ct
1086 2376 1230 2419 recipere
1256 2377 1373 2420 absque
1394 2377 1603 2410 conscientiae
1628 2379 1776 2423 scrupulo

1037 2440 1072 2462 ac
1097 2439 1303 2462 censurarum
1329 2435 1357 2463 et
1382 2442 1555 2474 poenarmu
1589 2433 1776 2465 ecclesiasti-

1037 2494 1146 2517 carum
1170 2484 1299 2517 incursu
1335 2485 1433 2518 libero
1464 2491 1494 2518 ct
1525 2486 1608 2519 licite
1635 2488 1776 2531 possint,

1073 2602 1084 2628 1
1106 2599 1144 2627 Ex
1164 2599 1271 2637 aegest.
1293 2600 1319 2628 in
1340 2601 1439 2629 Secret.
1463 2600 1537 2629 Brev.

1792 190 1822 215 ’κί
1852 190 1870 213 (ἶ
1901 190 1967 215 1955

1858 785 1971 806 Camarum

1787 818 1863 832 ΠΠΠΓΙῡ
1877 815 1970 832 νΧΑιῚιιι-

1787 839 1941 860 1.=›mrub51=t1=.
1952 841 1972 858 etv

1788 866 1812 885 1'.«·
1822 865 1908 885 nitatem
1933 866 1972 885 ab·

1788 892 1883 913 >etit—udi
1896 899 1908 913 a
1923 898 1970 913 ecu-

1787 925 1848 940 >UNS-
