2243 3205
228 166 278 193 Αη.
294 164 322 192 C.

262 1291 402 1312 Prooemium.

265 1931 381 1958 Exponam.

346 165 411 193 1658
456 156 497 191 30
510 158 517 189 ἰ

427 225 536 247 corum
563 220 624 246 tam
658 215 687 246 in
717 215 833 248 iudicio
862 226 954 259 quam
980 222 1066 251 extra
1090 217 1165 251 illud

427 266 623 309 adhibeatur,
646 279 727 312 quae
752 269 829 312 ipsis
847 271 1066 313 praesentibus
1083 271 1167 305 adhi-

428 320 565 361 beretur,
589 321 613 353 si
635 321 738 354 forent
761 322 917 356 exhibitae
942 325 989 357 vel
1014 330 1165 359 ostensae.

473 373 582 406 Datum
609 374 639 406 in
664 375 743 407 Arce
768 376 961 420 Gandulphi‚
985 378 1167 411 Albanensis

429 426 597 469 dioecesis,
624 427 681 459 sub
706 428 822 461 annulo
846 429 1032 471 Piscatoris,
1056 431 1105 464 die
1128 442 1166 464 xv

430 479 567 512 octobris
595 490 746 521 MDCLVHl,
764 482 965 525 pontificatus
989 483 1089 517 nostri
1107 494 1164 516 an-

429 541 470 564 no
496 541 536 564 lv.

470 594 528 621 Dat.
546 594 589 622 <lie
606 596 637 623 15
652 596 787 624 octobrisl
810 597 885 631 1658,
904 598 997 633 pontif.
1014 606 1082 626 anno
1098 605 1132 626 ir.

740 737 860 770 CCXIII.

434 817 641 859 Confirmatio
672 817 788 850 decreti
818 818 934 861 mayni
963 817 1118 861 maqistrc'
1142 821 1171 850 et

477 869 606 901 consilii
626 869 798 912 hospitalis
822 870 928 902 sancti
947 870 1081 903 Ioannis
1097 870 1171 902 Hie-

480 921 708 965 rosolymz'tani
728 922 815 954 circa
838 933 991 966 expensas
1012 923 1171 966 alberqz'a-

481 985 554 1006 rum
572 985 630 1018 per
647 975 805 1007 hainin-os
825 976 1046 1009 conventuales
1071 976 1107 1008 in
1126 987 1172 1009 eo-

476 1038 551 1060 rum
588 1039 608 1060 a
640 1032 795 1060 conventu
828 1029 974 1062 absentia
1003 1029 1170 1062 sustinen-

477 1080 568 1113 das?

765 1122 777 1135 Ο

625 1156 793 1191 Alexander
814 1164 893 1198 Papa
913 1165 975 1196 VII,

574 1208 609 1234 ad
631 1208 764 1235 futuram
783 1208 827 1235 rei
848 1210 1026 1237 memoriam.

477 1278 634 1312 Militantis
660 1278 815 1311 Ecclesiae
836 1279 982 1322 regimini
999 1291 1056 1324 per
1076 1281 1176 1315 abun->

433 1331 569 1365 dantium
588 1332 710 1364 divinae
734 1332 892 1376 bonitatis,
909 1334 995 1367 nullo
1020 1334 1092 1368 lieet
1112 1346 1173 1369 me<

432 1386 566 1420 ritorum
592 1392 773 1420 nostrorum
799 1387 970 1431 suffragio,
992 1391 1172 1433 praepositi,

432 1441 494 1483 illa,
513 1452 592 1485 quae
613 1452 629 1474 a
650 1442 832 1474 militiarum
851 1443 1057 1485 regularium,
1074 1444 1105 1477 in
1126 1446 1173 1478 ea-

433 1495 504 1528 dem
530 1495 667 1528 Ecclesia
693 1496 849 1539 sapienter
881 1496 1115 1539 institutarum,
1145 1502 1173 1533 et

433 1560 496 1582 non
521 1550 621 1582 solum
648 1550 810 1583 laudabilis
831 1550 863 1582 in
881 1550 1050 1584 subeundis
1068 1551 1174 1585 adver-

433 1614 486 1649 sus
519 1603 681 1635 christiani
719 1603 855 1646 nominis
883 1604 989 1637 hostes
1024 1605 1174 1648 perieulis

435 1656 626 1689 fortitudinis
643 1656 754 1699 gloria,
771 1656 827 1689 scd
843 1656 937 1689 etiam
955 1658 1109 1701 regularis
1123 1659 1175 1692 ob-

436 1711 609 1743 servantiae
634 1710 801 1743 decoribus
819 1710 1017 1753 fulgentium,
1034 1712 1174 1756 superlo-

436 1763 522 1796 ribus
537 1763 666 1807 provide
692 1763 859 1797 constituta
873 1774 940 1797 esse
955 1765 1175 1808 conspicimus,

436 1816 592 1857 libenter,
626 1827 696 1849 cum
722 1827 739 1848 a
769 1817 861 1850 nobis
894 1817 1030 1861 petitur,
1055 1824 1177 1862 aposto-

437 1871 497 1904 lico
525 1871 697 1903 munimine
723 1870 919 1903 roboramus.

481 1924 496 1967 ξ,
523 1924 549 1956 1.
568 1924 686 1967 Exponi
706 1923 859 1967 siquidem
877 1924 969 1957 nobis
982 1934 1084 1968 nuper
1100 1925 1177 1958 secc-

437 1982 510 2009 runt
533 1976 605 2010 dieti
629 1977 684 2009 filii
698 1977 848 2009 Martinus
866 1976 903 2009 de
922 1977 1030 2019 Redin,
1045 1988 1177 2021 magnus

437 2030 595 2072 magister,
621 2035 650 2063 et
674 2030 838 2063 consilium
865 2030 1027 2074 hospitalis
1045 2031 1073 2064 S.
1093 2031 1177 2065 loan-

436 2083 485 2116 nis
511 2083 801 2127 Ilierosolymitani‚
820 2084 903 2127 quod
927 2084 986 2128 ipsi
1011 2090 1081 2117 ante
1105 2096 1178 2129 pau-

437 2147 490 2169 cos
506 2146 627 2169 menses
641 2136 802 2169 decretum
817 2137 982 2170 ediderunt
997 2138 1112 2171 tenoris
1130 2149 1178 2172 se-

437 2189 570 2233 quentis,
585 2189 743 2222 videlieet:
769 2202 781 2221 ι(
802 2190 909 2224 Frater
926 2191 958 2224 D.
974 2192 1123 2225 Martinus
1141 2192 1178 2225 de

438 2243 537 2277 Redin
559 2244 611 2276 Dei
630 2244 729 2286 gratia
750 2255 856 2277 sacrae
881 2245 993 2278 domus
1017 2246 1179 2290 hospitalis

439 2296 468 2330 S.
494 2297 616 2329 loannis
633 2297 905 2342 Hierosolymitani
920 2304 949 2331 et
967 2298 1110 2332 militaris
1127 2299 1180 2333 Or-

439 2350 519 2384 dinis
544 2351 640 2383 saneti
662 2350 824 2394 Sepulchri
855 2351 1009 2386 Dominici
1031 2353 1179 2396 magister

440 2403 577 2444 humilis,
596 2415 834 2448 pauperumque
852 2406 920 2438 lesu
933 2405 1045 2439 Christi
1061 2412 1180 2448 custos,

440 2457 595 2490 universis
629 2463 657 2489 ot
689 2458 819 2501 singulis
854 2464 1034 2502 praesentes
1059 2465 1180 2494 nostras

481 2530 488 2555 l
507 2527 576 2555 Edit.
593 2528 670 2555 Mam.
688 2529 720 2556 acl
737 2537 823 2565 marg.
840 2530 921 2557 habet
936 2530 970 2558 25
986 2532 1021 2566 (a.
1040 2532 1086 2565 τ.).

476 2572 491 2598 ⁶2
512 2572 548 2599 Ex
570 2573 674 2608 nvgost.
700 2574 726 2602 in
746 2575 850 2603 Secret.
872 2575 949 2603 Brev-

1008 170 1185 195 BULLARIUM
1211 171 1364 195 ROMANUM

1199 218 1320 251 litteras
1345 219 1467 260 visuris,
1485 220 1622 261 lecturis,
1640 221 1781 263 salutem,
1795 228 1853 256 etc.
1877 223 1938 257 No-

1200 276 1264 304 tum
1289 271 1437 312 facimus,
1462 277 1492 304 et
1517 272 1547 304 in
1572 272 1668 306 verbo
1700 274 1837 308 veritatis
1861 280 1938 308 atte-

1200 328 1319 358 stamur
1344 325 1479 367 qualiter
1512 325 1746 369 infrascriptum
1777 326 1937 360 decretum

1201 378 1261 409 una
1278 387 1349 409 cum
1368 377 1509 420 sequenti
1527 377 1677 410 relatione
1693 383 1866 412 extractum
1883 380 1940 413 suit

1202 440 1238 462 cx
1263 429 1344 466 libro
1369 429 1592 463 conciliorum*
1619 430 1649 462 in
1675 431 1862 464 cancellaria
1883 442 1939 465 no-

1201 484 1264 515 stra
1290 488 1484 524 conservato,
1506 483 1536 515 in
1561 493 1623 527 quo
1648 483 1760 516 similia
1784 484 1886 518 notari
1911 490 1942 518 et

1202 534 1364 577 registrari
1389 536 1510 576 solent,
1539 536 1622 579 quod
1655 536 1780 580 quidem
1806 536 1837 569 in
1861 537 1941 570 hanc

1202 586 1360 630 publicam
1386 588 1519 621 formam
1544 589 1666 621 extrahi
1693 594 1723 622 et
1758 588 1859 632 redigi
1883 589 1942 624 ius-

1203 639 1318 680 simus,
1345 645 1379 672 nt
1403 640 1538 684 ubique,
1565 647 1626 674 tam
1653 641 1684 673 in
1707 640 1823 674 iudicio
1847 652 1942 686 quam

1204 695 1300 734 extra,
1313 692 1414 726 eidem
1428 693 1521 737 plena
1534 699 1564 727 et
1581 693 1754 727 indubitata
1766 694 1843 727 fides
1858 694 1943 727 adhi-

1203 744 1325 786 beatur,
1354 746 1442 779 cuius
1467 752 1557 780 tenor
1582 752 1627 780 est
1651 746 1703 791 qui
1730 747 1879 791 sequitur,
1901 747 1942 780 vi-

1204 797 1331 831 delicet:

1248 851 1302 884 Die
1326 862 1393 885 xvu
1417 852 1533 886 mensis
1566 853 1631 886 iulii
1663 863 1823 896 turbemin,
1850 863 1942 887 vene-

1205 904 1294 937 randi
1319 915 1452 948 magnus
1469 906 1676 940 cancellarius
1694 907 1790 939 frater
1807 906 1840 940 D.
1859 907 1944 940 Ioan-

1205 967 1260 990 nes
1276 958 1421 991 ximenes
1435 958 1473 992 de
1488 958 1621 1004 Vedoya,
1639 959 1727 1003 prior
1740 960 1870 993 Tolosae
1886 959 1944 992 sra-

1207 1016 1254 1044 ter
1271 1012 1434 1056 Dionysius
1449 1012 1487 1045 de
1501 1013 1676 1047 Pollastron
1687 1012 1841 1055 Lailliere,
1855 1013 1944 1057 prior

1206 1064 1317 1097 Daciae
1341 1065 1438 1098 frater
1459 1065 1652 1099 ChristIanus
1671 1065 1709 1099 de
1725 1065 1943 1109 Osterhausen,

1207 1123 1237 1151 et
1253 1118 1407 1152 baiulivus
1420 1119 1592 1153 Cremonae
1608 1120 1703 1154 frater
1717 1120 1872 1164 Pompeus
1888 1121 1946 1154 Ro-

1207 1173 1386 1217 spigliosus‚
1402 1174 1610 1208 commissarii
1634 1184 1728 1218 super
1751 1174 1946 1218 providendo

1207 1227 1419 1270 albergiarum
1444 1229 1660 1262 sustentationi
1684 1228 1715 1261 in
1740 1228 1880 1262 absentia
1897 1239 1946 1262 ve-

1206 1282 1418 1315 nerandorum
1448 1283 1657 1316 baiulivorum
1692 1283 1944 1317 conventualium

1206 1336 1255 1370 die
1273 1347 1303 1370 xi
1318 1337 1459 1371 instantis
1477 1337 1593 1370 mensis
1608 1337 1757 1381 deputati,
1772 1337 1947 1370 retulerunt

1207 1395 1239 1423 ut
1263 1390 1415 1434 sequitur,
1434 1390 1592 1424 videlicet:

1207 1470 1475 1504 Eminentissimo
1491 1471 1629 1514 signore,
1642 1481 1657 1504 e
1671 1481 1761 1504 sacro
1774 1471 1946 1515 Consiqlio.

1251 1550 1493 1594 Considerando,
1514 1552 1544 1584 in
1564 1551 1751 1585 consor-mita
1767 1552 1847 1585 della
1865 1562 1948 1586 com-

1209 1604 1357 1638 missione
1371 1604 1471 1638 dataci
1485 1604 1523 1637 da
1537 1610 1641 1638 vostra
1655 1604 1815 1638 eminenza
1828 1616 1844 1639 e
1859 1615 1947 1640 sacro

1208 1658 1365 1701 Consiglio
1389 1663 1471 1692 sotto
1500 1658 1520 1691 li
1545 1658 1582 1691 111
1611 1659 1660 1692 del
1685 1663 1829 1702 presente
1855 1670 1948 1701 mese,

1210 1713 1237 1745 la
1265 1712 1484 1756 impossibilita
1515 1712 1573 1746 che
1601 1712 1621 1745 li
1656 1713 1870 1756 luogotenenti
1899 1713 1949 1747 dei

1211 1766 1378 1799 venerandi
1402 1766 1531 1799 baiulivi
1561 1766 1756 1800 conventuali
1785 1766 1890 1801 hanno
1918 1767 1949 1800 di

1211 1823 1383 1853 sostentare
1398 1819 1552 1862 l'alhergi,
1564 1830 1625 1853 non
1643 1819 1834 1854 abbastando
1847 1830 1905 1864 per
1922 1820 1950 1854 le

1210 1883 1301 1916 spese
1321 1873 1349 1905 la
1366 1873 1505 1916 quantita
1525 1873 1555 1906 di
1572 1873 1689 1907 danaro
1706 1874 1763 1907 che
1781 1874 1841 1907 essi
1860 1884 1950 1908 vene-

1211 1926 1299 1959 randi
1316 1926 1443 1959 baiulivi
1468 1926 1488 1958 li
1507 1927 1762 1961 contribuiscono
1779 1928 1861 1961 nella
1877 1938 1951 1962 con-

1211 1979 1335 2013 formita
1364 1980 1639 2014 dell'ordinazione
1668 1981 1802 2015 seconda
1833 1981 1881 2015 de’
1901 1981 1951 2015 ba—

1212 2033 1298 2066 iulivi
1315 2033 1488 2066 dichiarata
1512 2033 1549 2066 da
1567 2039 1677 2077 questo
1694 2045 1784 2068 sacro
1798 2034 1950 2078 consiglio

1212 2091 1292 2120 sotto
1310 2086 1329 2119 il
1346 2087 1449 2130 primo
1466 2086 1497 2119 di
1515 2087 1681 2121 decembre
1705 2088 1861 2132 pressimo
1879 2099 1950 2132 pas—

1212 2144 1289 2180 sam,
1315 2138 1413 2173 siamo
1437 2140 1487 2173 nel
1513 2151 1625 2184 parere
1650 2145 1809 2184 seguente.

1257 2203 1275 2225 1.
1301 2193 1363 2226 Che
1380 2193 1487 2237 d'oggi
1504 2194 1606 2226 avanti
1624 2193 1699 2228 detti
1717 2194 1885 2228 venerandi
1901 2195 1952 2228 ba-

1213 2246 1298 2279 iulivi
1325 2247 1532 2288 conventuali,
1558 2247 1616 2280 che
1640 2257 1717 2281 sono
1742 2247 1772 2280 di
1796 2252 1952 2292 presente,

1213 2310 1231 2333 o
1249 2310 1383 2333 saranno
1408 2300 1439 2333 in
1462 2301 1579 2342 futuro,
1602 2301 1768 2342 ancorclie,
1785 2302 1866 2335 nella
1883 2312 1953 2336 con-

1214 2354 1337 2387 formita
1372 2354 1429 2387 che
1459 2354 1501 2397 gli
1532 2359 1687 2398 pei-mette
1713 2354 1796 2388 detta
1819 2355 1948 2390 ordIna-

1215 2408 1313 2448 zione,
1338 2408 1425 2441 siano
1450 2408 1564 2441 assenti
1590 2408 1628 2441 da
1653 2411 1816 2450 convento,
1833 2409 1952 2443 devano

1214 2461 1277 2494 sare
1303 2461 1519 2495 intieramente
1552 2466 1630 2495 tutte
1661 2463 1686 2494 le
1721 2472 1811 2506 spese
1835 2462 1952 2496 dell'al-

1252 2578 1260 2602 1
1287 2576 1396 2603 Videtur
1417 2576 1558 2612 legendum
1579 2578 1766 2606 consiliorum
1785 2582 1822 2610 tn.
1840 2586 1888 2611 '1'.).

1957 176 2006 203 An.
2022 175 2050 204 C.
2067 177 2134 206 1658
