2243 3205
257 191 306 216 an.
317 189 345 216 c.
368 189 436 216 ¹660
482 179 545 213 5⁵26

311 2115 443 2142 inponentes

260 2148 271 2162 n
291 2144 385 2164 censuri<
408 2144 444 2164 uli-

498 237 582 276 Quae
606 237 711 270 omnia
737 237 846 269 iisdem
878 237 965 278 loco,
991 237 1058 279 die,
1085 248 1192 271 mense

455 296 485 323 et
509 300 601 331 anno,
626 296 660 323 ut
684 301 789 334 supra,
803 301 908 324 coram
930 291 1192 324 reverendissimo

455 343 584 376 domino
603 343 753 388 episcopo
778 349 807 376 et
832 344 967 388 capitulo
988 344 1129 379 Curiensi
1158 355 1193 377 ex

456 398 518 428 una
543 403 571 430 et
596 397 724 430 domino
747 397 857 430 abbate
893 397 1113 431 Dissertinensi
1139 408 1194 430 no-

458 449 541 482 mine
565 460 691 493 quoque
716 450 897 483 monasterii
919 454 948 484 et
972 450 1193 493 religiosorum

456 502 494 535 de
512 506 578 536 rato
596 502 797 546 promittere¹
816 503 959 547 partibus
976 514 1012 536 ex
1036 504 1144 546 altera,
1164 503 1195 536 in

456 556 635 599 praesentia
660 556 862 589 illustrissimi
888 562 917 590 et
942 556 1194 589 reverendissimi

458 610 576 643 domini
602 610 707 644 nuncii
740 611 911 655 supradicti
947 610 1025 644 lecta
1055 616 1085 643 et
1116 610 1195 643 bene

457 664 675 706 considerata,
699 675 755 708 per
781 665 862 708 ipsas
893 670 999 708 partes
1037 669 1196 708 acceptata

457 717 594 759 suerunt,
606 724 635 751 et
648 718 869 751 inviolabiliter
882 717 1053 762 praefatam
1069 727 1196 751 concor-

457 770 539 803 diam
565 775 595 804 et
619 771 838 815 compromissi
866 776 1007 804 tenorem
1028 770 1196 804 observare

457 823 634 858 iuramento
659 825 891 869 promiserunt,
912 830 1003 868 atque
1028 824 1065 856 ad
1091 824 1192 857 maio—

456 887 523 910 rem
548 878 840 911 corroborationem
866 888 898 910 se
923 877 1195 921 subscripserunt,

457 934 486 964 et
509 931 647 975 propriis
672 931 848 976 respective
865 931 976 974 sigillis
993 931 1107 963 dictam
1126 941 1196 964 con-

457 984 596 1017 cordiam
611 985 823 1025 muniverunt,
833 995 945 1028 meque
959 984 1193 1028 infrascriptum

456 1038 613 1070 notarium
629 1038 871 1081 requisiverunt,
885 1043 918 1070 ut
932 1048 1029 1070 unum
1044 1038 1090 1070 vel
1104 1038 1195 1081 plura

456 1091 619 1134 publicum
645 1101 699 1123 seu
723 1091 848 1135 publica
878 1091 1121 1125 instrumentum
1143 1095 1196 1125 aut

457 1144 665 1178 instrumenta
689 1145 878 1178 conficerem
910 1150 1004 1189 atque
1026 1145 1195 1186 traderem,

456 1204 552 1242 prout
576 1209 655 1242 opus
680 1199 774 1231 suerit
798 1202 828 1232 et
852 1199 1021 1242 requisitus
1041 1209 1105 1232 ero.

501 1252 698 1296 Quapropter
715 1263 774 1295 ego
792 1252 953 1285 Balthasar
973 1252 1011 1285 de
1028 1252 1195 1285 comitibus

457 1306 495 1338 dc
519 1306 707 1349 Cartignano
731 1306 898 1340 Montisalti
934 1306 1086 1340 dioecesis
1118 1317 1195 1350 apo-

457 1360 567 1393 stolica
592 1360 776 1393 auctoritate
800 1359 940 1394 notarius
963 1364 992 1392 et
1008 1359 1102 1392 liuius
1121 1369 1197 1392 nun-

444 1413 595 1446 ·ciaturae
621 1413 835 1456 cancellarius,
860 1413 1078 1456 praesentibus
1101 1413 1195 1456 peril-

456 1466 608 1499 lustribus
633 1477 667 1499 ac
693 1467 753 1500 ΒΗ.
775 1467 834 1499 DD.
864 1466 966 1499 Felice
992 1465 1139 1499 Paradiso
1160 1466 1195 1498 fi-

458 1519 499 1551 lio
524 1519 643 1552 domini
668 1519 778 1552 luliani
802 1519 839 1552 d'e
863 1519 1030 1552 lllontealto
1048 1525 1078 1552 et
1105 1519 1198 1551 Fran-

458 1573 541 1605 eisco
565 1573 660 1605 illaria
686 1573 803 1605 chana
829 1572 893 1605 filio
921 1572 1039 1605 domini
1065 1572 1197 1605 Bernar-

457 1626 521 1659 dini
541 1626 755 1659 Vallissolidae
780 1626 1018 1659 lllcdiolanensis
1036 1626 1196 1667 dioecesis,

459 1681 590 1713 testibus
615 1680 652 1713 ad
678 1680 707 1713 id
733 1681 911 1724 specialiter
937 1681 1063 1723 vocatis,
1082 1680 1197 1713 habitis

458 1738 550 1777 atque
585 1734 715 1777 rogatis,
741 1734 793 1779 qui
819 1733 1013 1778 praeinserta
1038 1734 1144 1767 onmia
1168 1739 1198 1767 ct

458 1788 581 1831 singula
605 1788 673 1821 fieri
699 1793 730 1821 et
753 1788 910 1832 acceptari
934 1790 995 1820 una
1014 1798 1136 1821 mecum
1159 1787 1199 1820 vi-

458 1841 590 1882 derunt,
618 1847 647 1874 et
672 1841 881 1875 interfuerunt
904 1851 1053 1884 praesens
1081 1840 1198 1873 instru-

458 1901 598 1929 mentum
614 1895 745 1929 conlici²
758 1895 887 1940 propria
905 1905 998 1927 manu
1013 1894 1196 1938 conscripsi,

458 1960 627 1993 meumque
652 1949 777 1983 solitum
803 1948 976 1982 notariatus
1000 1949 1123 1991 signum
1148 1958 1198 1991 ap-

458 2003 549 2046 posui
574 2009 703 2046 rogatus
727 2008 757 2036 et
781 2002 960 2046 requisitus.

546 2057 628 2090 Loco
644 2059 667 2098 †
688 2057 778 2099 signi.

503 2109 518 2153 ἓ
541 2108 571 2142 2.
595 2110 697 2149 Quare
721 2110 815 2142 iidem
840 2109 1016 2154 episcopus,
1042 2119 1078 2142 ac
1103 2108 1194 2153 capiu

460 2163 558 2195 tulum
592 2169 622 2196 et
653 2163 795 2196 canonici
829 2173 951 2196 necnon
983 2162 1077 2195 abbas
1102 2172 1199 2206 expo—

458 2221 567 2249 nentes
580 2216 670 2250 nobis
684 2216 848 2249 humiliter
861 2216 1032 2260 supplicari
1047 2216 1197 2258 fecerunt,

458 2275 492 2303 ut
509 2270 567 2304 sihi
588 2270 619 2303 in
637 2270 818 2315 praemissis
831 2275 1011 2314 opportune
1031 2269 1198 2314 providere

493 2378 502 2404 1
527 2377 626 2404 Forsan
643 2378 831 2412 promittente
851 2378 892 2412 (n.
909 2377 958 2411 τ.).

491 2421 507 2447 2
527 2421 618 2449 Potius
638 2422 696 2457 lege
715 2422 839 2457 confeci;
860 2421 907 2448 sed
923 2421 974 2448 ali-:1
990 2429 1100 2456 prorsus
1115 2420 1198 2447 inter-

458 2466 601 2501 punctione
621 2475 689 2501 opus
709 2475 769 2494 esse
788 2466 914 2499 videtur3
935 2473 1049 2500 nempe:
1066 2466 1127 2493 unct
1142 2473 1198 2492 me-

456 2518 520 2537 cum
534 2511 668 2538 viderunt
683 2514 707 2539 et
723 2512 931 2546 interfuerunt,
941 2518 1078 2545 praesens
1092 2510 1199 2538 instru-

457 2557 584 2581 mentum
599 2555 714 2588 confeci,
725 2555 846 2590 proprisi
864 2562 952 2582 manu
965 2554 1131 2588 conscripsi,
1145 2559 1196 2581 ete.

456 2599 495 2634 (n.
512 2599 560 2633 r).

1037 190 1214 228 BULLARlUM
1239 189 1393 214 ROMANUM
1984 190 2075 217 An.C.
2098 192 2162 221 ¹660

1227 243 1257 271 et
1281 242 1315 270 ut
1340 237 1421 270 infra
1445 237 1607 280 indulgere
1625 237 1663 270 de
1686 237 1878 281 benignitate
1894 249 1967 284 apo-

1227 291 1335 325 stoliea
1360 291 1576 334 dignaremur.

1272 344 1286 387 g
1307 343 1336 377 3.
1355 344 1417 377 Nos
1434 344 1540 387 igitur,
1555 343 1681 378 eosdem
1699 349 1890 388 exponentes
1902 355 1967 389 spe·
2009 359 2119 379 Decretum
2132 365 2163 380 sa-

1982 391 2030 406 crae
2054 391 2164 412 Congregfi-

1229 396 1359 429 cialibus
1377 397 1539 430 favoribus
1562 402 1592 430 et
1616 397 1736 440 gratiis,
1765 402 1834 438 etc.,
1854 397 1967 430 harum
1982 413 2164 445 “amnigenam-

1230 450 1311 482 serie
1335 450 1531 484 absolventes
1564 455 1593 483 et
1623 450 1781 483 absolutas
1805 451 1871 484 sore
1896 460 1968 484 cen·
1982 440 2164 486 &iun-{mmm

1230 509 1342 546 sentes,
1367 503 1548 537 huiusmodi
1569 504 1849 548 supplicationibus
1873 504 1966 537 incli-

1230 557 1305 597 nati,
1323 557 1361 590 de
1386 557 1611 590 venerabilium
1629 558 1762 590 fratrum
1787 563 1969 591 nostrorum

1230 610 1258 643 S.
1281 611 1315 643 R.
1337 610 1369 643 E.
1399 611 1605 644 cardinalium
1638 611 1768 646 Concilii
1796 610 1970 644 Tridentini

1231 663 1450 708 interpretum,
1474 664 1527 708 qui
1552 669 1788 708 praenarratam
1814 663 1971 708 composi-

1230 717 1347 750 tionem
1373 722 1403 750 et
1427 717 1623 751 conditiones
1649 718 1680 751 in
1706 718 1773 762 ipsa
1807 722 1970 752 contentas

1230 771 1458 814 examinarunt,
1484 772 1626 812 consilio,
1647 771 1789 805 eamdem
1814 771 1971 816 composi·

1230 824 1345 858 tionem
1370 835 1425 858 seu
1450 825 1703 868 transactionem,
1729 825 1914 859 auctoritate
1937 835 1969 859 a-

1230 878 1401 922 postolica,
1427 884 1536 912 tenore
1559 878 1783 923 praesentium,
1807 878 1971 912 confirma-

1231 942 1299 964 mus
1323 937 1353 965 et
1376 932 1612 976 approbamus,
1645 931 1752 975 illique
1781 930 1970 965 inviolabilis

1229 985 1419 1028 apostolicae
1437 985 1593 1018 firmitatis
1610 985 1708 1018 robur
1726 984 1909 1026 adiicimus,
1934 995 1970 1018 ac

1230 1049 1339 1072 omnes
1364 1044 1394 1071 et
1418 1039 1559 1082 singulos
1583 1038 1660 1071 iuris
1681 1043 1711 1071 et
1732 1038 1803 1071 sacti
1821 1038 1970 1079 desectus,

1230 1091 1253 1124 si
1265 1091 1317 1135 qui
1335 1091 1470 1136 desuper
1480 1091 1718 1135 quomodolibet
1735 1091 1970 1132 intervenerint,

1230 1145 1421 1189 supplemus,
1447 1145 1531 1178 salva
1557 1150 1660 1178 tamen
1685 1155 1811 1188 semper
1828 1144 1860 1177 in
1884 1155 1972 1189 prae-

1231 1199 1333 1232 missis
1358 1198 1542 1232 auctoritate
1560 1198 1812 1242 congregationis
1837 1208 1970 1232 eorum-

1230 1252 1301 1285 dem
1314 1253 1542 1290 cardinalium.

1274 1307 1289 1350 ἓ
1302 1306 1551 1340 4.1)θοει·ηθηῑεε
1565 1311 1744 1350 praesentes
1760 1305 1879 1338 litteras
1893 1314 1971 1338 sem-
1997 1316 2131 1346 ,nectamur
2142 1317 2168 1337 ir.

1230 1370 1287 1404 per
1311 1360 1429 1401 sirmas,
1448 1365 1521 1400 etc.,
1540 1360 1647 1403 sicque
1668 1359 1698 1392 in
1719 1358 1901 1406 praemissis
1914 1368 1970 1402 per
1985 1345 2058 1364 'dm'

1231 1424 1449 1458 quoscumque
1466 1413 1595 1454 iudices,
1611 1411 1823 1458 etc.,‘definiri
1843 1411 1970 1453 debere,

1231 1478 1266 1500 ac
1292 1467 1415 1499 irritum
1441 1471 1471 1499 et
1496 1466 1596 1507 inane,
1613 1467 1638 1500 si
1655 1477 1755 1507 secuS‚
1773 1471 1842 1507 etc.,
1868 1465 1970 1499 conti-

1231 1520 1313 1563 gerit
1338 1519 1494 1552 attentari.

1276 1574 1291 1617 g
1304 1573 1332 1606 5.
1355 1573 1422 1606 Non
1435 1572 1631 1606 obstantibus
1644 1571 1836 1616 praemissis,
1849 1580 1971 1605 necnon
2056 1581 2169 1613 Dprogatm

1233 1626 1414 1671 apostolicis
1430 1653 1437 1666 ‚
1462 1637 1498 1659 ac
1526 1626 1557 1658 in
1584 1625 1814 1659 universalibus
1837 1624 1969 1669 provin—
1987 1610 2147 1629 mmmmm

1233 1680 1428 1724 cialibusque
1446 1685 1475 1713 et
1493 1680 1695 1724 synodalibus
1712 1679 1854 1713 conciliis
1870 1678 1970 1720 editis,

1232 1734 1432 1777 generalibus
1457 1734 1504 1766 vel
1528 1733 1728 1777 specialibus,
1746 1731 1973 1766 constitutioni-

1232 1787 1289 1821 bus
1314 1793 1344 1820 et
1368 1787 1628 1827 ordinationibus,
1653 1791 1692 1827 et,
1714 1791 1867 1831 quatenus
1892 1795 1972 1829 opus

1232 1841 1280 1881 sit,
1301 1840 1451 1873 ecclesiae
1468 1839 1626 1873 Curiensis
1651 1850 1686 1872 ac
1704 1838 1886 1873 monasterii
1902 1838 1972 1871 Dis-

1232 1893 1415 1926 sertinensis
1444 1892 1647 1935 huiusmodi,
1679 1898 1709 1926 et
1739 1892 1808 1925 aliis
1836 1891 1968 1936 quibus-

1233 1946 1288 1989 vis,
1313 1951 1381 1986 etc.;
1407 1946 1521 1990 quibus
1546 1945 1693 1979 omnibus
1717 1951 1747 1978 et
1771 1944 1913 1988 singulis⁷
1935 1943 1972 1976 il-

1233 2000 1336 2033 lorum
1350 2005 1476 2033 tenores
1492 2000 1720 2044 praesentibus,
1735 2004 1807 2042 etc.,
1821 1999 1880 2032 hac
1904 1998 1971 2032 vice

1232 2054 1393 2088 dumtaxat
1416 2053 1595 2098 specialiter
1619 2059 1649 2087 et
1672 2063 1818 2097 expresse
1841 2052 1971 2095 deroga-

1233 2119 1318 2149 mus,
1336 2108 1512 2151 ceterisque
1526 2107 1691 2142 contrariis
1708 2107 1968 2151 quibuscumque.

1275 2163 1387 2196 Datum
1414 2163 1542 2204 Romae,
1567 2161 1651 2205 apud
1673 2161 1701 2195 S.
1722 2160 1851 2194 Mariam
1881 2159 1973 2193 Maio-

1232 2227 1310 2257 rem,
1333 2216 1391 2249 sub
1415 2216 1530 2249 annulo
1546 2215 1723 2256 Piscatoris,
1741 2214 1790 2247 die
1804 2224 1828 2247 11
1840 2212 1973 2247 ianuarii

1232 2278 1345 2312 MDch,
1363 2269 1565 2314 pontificatus
1580 2269 1681 2303 nostri
1698 2279 1780 2303 anno
1793 2279 1835 2303 iv,

1268 2332 1326 2360 Dat.
1343 2331 1386 2359 die
1401 2331 1417 2358 2
1433 2331 1549 2359 ianuarii
1567 2331 1646 2366 1660,
1662 2331 1758 2367 pontif.
1774 2338 1818 2359 an.
1834 2337 1870 2358 lv.

1517 2465 1678 2500 CCLXXV.

1234 2537 1325 2579 Quod
1335 2537 1503 2581 provincia
1526 2537 1688 2570 Franciae
1716 2535 1818 2569 Tertii
1835 2533 1970 2569 Ordinis

1277 2590 1382 2624 sancti
1407 2590 1577 2624 France‘sci
1607 2588 1867 2632 conyreyatiom's
1897 2587 1970 2622 Gal-
