2185 3188
82 179 135 209 An.
156 180 187 209 C.
208 179 278 208 1655

115 1258 229 1286 Expositto.

879 178 1066 203 AVLEXANDER
1091 178 1135 201 vn
1160 179 1207 202 PP.

639 228 673 261 V.

287 299 498 343 Confirmatio
526 300 645 334 decreti
672 298 932 344 conqreqationis
963 297 1029 342 epi-

328 364 496 398 scoporum
506 359 535 388 et
545 354 761 398 regynlarium,
772 364 833 397 quo
843 351 1030 385 declaratur

328 408 609 441 concionatoribus
634 411 663 441 et
686 407 891 450 confessariis
915 416 1028 448 reglum

330 460 466 495 Ordinis
475 462 616 505 fratrum
630 461 797 494 Minorum
806 459 912 492 sancti
924 458 1030 492 Fran-

328 515 405 548 cz'sci
431 515 469 548 de
495 514 708 549 Obseruantia
720 513 910 557 provinciae
927 511 1030 555 Aqui-

330 569 438 603 taniae
466 569 665 613 antiquioris
692 568 823 602 nullam
847 568 900 600 ius
930 566 1030 609 fuisse

329 623 516 667 quaesitum
542 632 604 667 per
638 622 740 655 Breve
774 620 897 654 Urbani
936 619 1026 660 VIII,

330 688 393 721 quo
417 677 575 721 abroqata
599 676 731 720 fuerunt
748 675 926 719 privileyia
948 685 1027 718 per-

329 730 460 763 sonalia
483 730 644 774 fratribus
669 729 751 762 dicti
782 728 918 763 Ordinis
950 738 1026 761 con-

329 793 431 824 cessa,
459 783 597 827 exceptis
629 782 838 826 imperatoris
863 786 892 815 et
916 792 1027 825 reyurn

329 837 535 881 confessariz's
575 840 605 869 et
640 836 943 876 concionatoribus,
978 834 1031 867 sed

330 894 458 923 tanturn
470 900 507 923 ea
517 888 696 933 prt'vileqia
709 892 925 932 praeservata,
936 898 1030 931 quae,

331 944 440 987 viqore
453 943 725 976 constitutionum
744 942 890 982 Ordinis,
911 941 960 974 vel
979 942 1031 973 in-

331 996 499 1030 dultorum
508 996 771 1040 apostolicorum,
781 999 838 1028 aut
847 994 1031 1028 cardinalis

328 1050 529 1093 protectoris,
546 1049 592 1083 eis
612 1054 709 1083 antea
729 1052 943 1093 competerent
956 1047 974 1080 ¹.

480 1130 646 1159 Alexander
667 1131 745 1164 Papa
764 1130 829 1162 VII,

428 1175 466 1203 ad
483 1176 617 1204 futuram
636 1176 680 1203 rei
701 1174 882 1202 memoriam.

331 1249 347 1292 g
370 1248 400 1281 t.
425 1249 546 1293 Exponi
568 1248 659 1282 nobis
679 1258 781 1292 nuper
801 1247 874 1280 feeit
898 1246 1031 1280 dilectus

287 1303 371 1336 fitius
379 1303 522 1336 minister
534 1302 737 1347 provincialis
747 1301 928 1346 provinciae
938 1301 1032 1346 Aqui-

287 1358 390 1390 taniae
398 1357 585 1401 antiquioris
592 1356 717 1391 Ordinis
728 1357 861 1389 fratrum
874 1356 1031 1388 Minorum

288 1411 386 1444 sancti
402 1410 561 1444 Francisci
587 1411 625 1443 de
645 1410 850 1444 Observantia
874 1420 1032 1453 nuncupa-

290 1470 413 1505 torum,
437 1464 536 1508 quod,
561 1475 631 1496 cum
657 1464 733 1496 alias
757 1474 775 1496 a
799 1464 897 1496 felicis
922 1475 1031 1497 recor-

289 1517 423 1551 dationis
448 1517 574 1551 Urbano
599 1517 682 1560 Papa
699 1517 763 1549 Vlll
788 1517 1032 1560 praedecessore

289 1576 399 1604 nostro
427 1581 484 1614 per
516 1581 587 1603 suas
622 1570 654 1602 in
678 1570 772 1602 simili
798 1571 901 1603 forma
926 1571 1033 1603 Brevis

289 1623 339 1655 die
362 1633 442 1657 xxm
460 1623 526 1656 iulii
549 1633 712 1657 nncxxxix
733 1623 894 1666 expeditas
914 1623 1033 1657 litteras

289 1676 395 1708 omnia
414 1676 583 1719 privilegia
600 1676 778 1720 personalia
794 1677 958 1720 quibusvis
976 1677 1035 1709 sra—

290 1729 390 1762 tribus
415 1728 540 1762 Ordinis
563 1729 738 1772 praedicti,
763 1730 902 1773 exceptis
934 1730 1034 1773 impe-

289 1782 403 1815 ratoris
431 1792 468 1815 ac
491 1792 603 1824 regum
628 1782 827 1815 confessariis
852 1788 882 1815 et
906 1783 1033 1815 concio-

288 1835 473 1876 natoribus,
502 1840 566 1868 tam
596 1845 614 1868 a
645 1835 794 1868 Romanis
827 1835 1034 1869 Pontificibus

288 1899 383 1931 quam
409 1899 427 1921 a
451 1893 577 1921 sanctae
603 1889 762 1922 Romanae
786 1889 944 1921 Ecclesiae
969 1899 1034 1922 car-

290 1942 394 1975 dinale
415 1942 557 1975 eiusdem
573 1942 698 1975 Ordinis
714 1942 797 1986 apud
821 1942 932 1975 Sedem
954 1943 1034 1986 Apo-

290 1996 434 2029 stolicam
459 2001 642 2040 protectore
677 2006 845 2035 concessa,
880 1996 1034 2038 abrogata

291 2049 442 2090 fuissent,
474 2051 544 2082 orta
575 2050 778 2093 postmodum
811 2050 1033 2089 contentione,

291 2113 330 2136 an
360 2104 474 2137 virtute
506 2103 577 2136 talis
611 2104 805 2148 exceptionis
840 2109 1034 2147 competeret

290 2157 459 2201 praedietis
490 2157 692 2201 imperatoris
723 2163 754 2191 et
778 2168 890 2201 regum
915 2159 1034 2192 conses-

291 2210 382 2244 sariis
407 2215 438 2243 et
461 2210 734 2244 concionatoribus
764 2212 812 2244 ius
836 2212 1033 2254 ingrediendi

291 2262 518 2305 definitorium‚
544 2264 573 2297 in
600 2275 700 2308 eoque
725 2264 928 2307 suffragandi,
954 2265 1034 2309 capi-

293 2317 393 2351 tulum
418 2318 566 2360 generale
598 2318 672 2352 dicti
704 2318 829 2352 Ordinis
854 2319 971 2351 Romae
996 2319 1034 2351 de

292 2380 375 2404 anno
399 2380 495 2405 tincta
519 2371 724 2413 celebratum,
742 2372 780 2404 ad
805 2372 888 2415 quod
904 2382 955 2405 res
972 2372 1034 2405 sue-

292 2429 342 2457 rat
365 2424 485 2466 delata‚
510 2424 649 2459 decrevit
673 2430 703 2459 et
727 2426 833 2460 statuit
856 2426 1034 2470 praedictos

293 2479 500 2514 confessarios
524 2484 554 2512 et
577 2479 810 2523 praedicatores
834 2485 940 2524 patres
964 2491 1035 2524 pro-

330 2596 344 2624 1
365 2596 404 2624 Ex
423 2595 529 2633 Regest.
549 2596 575 2624 in
595 2596 697 2625 Secret.
719 2597 796 2625 Brev.

1062 226 1183 259 vinciae
1198 225 1302 270 quoad
1316 226 1443 259 titulum
1459 224 1657 270 paternitatis
1674 228 1704 258 et
1721 235 1808 268 prae-

1064 280 1238 313 cedentiam
1257 280 1419 313 dumtaxat
1435 280 1501 313 sine
1522 279 1589 312 iure
1614 277 1808 321 suffragandi

1064 334 1197 366 existere
1219 333 1243 366 si
1264 339 1334 366 actu
1360 339 1544 366 exercerent
1568 333 1641 365 talia
1665 342 1807 374 munera,

1063 398 1126 420 non
1152 398 1225 421 vero
1251 388 1276 420 si
1301 388 1429 421 nomine
1447 387 1567 420 terris¹.
1587 387 1623 420 Et
1643 386 1725 430 quia,
1747 386 1809 419 hoc

1064 451 1126 474 non
1151 441 1305 483 obstante,
1320 441 1461 474 nonnulli
1488 441 1601 473 fratres
1626 439 1808 484 provinciae

1063 494 1242 538 praedictae
1267 495 1298 527 in
1323 495 1569 537 congregatione
1591 494 1697 526 habita
1722 493 1810 526 Tolo-

1064 558 1116 581 sae
1142 558 1223 582 anno
1247 548 1391 592 proxime
1416 549 1536 591 elapso,
1563 548 1620 580 sub
1646 551 1810 591 praetextu

1064 603 1149 646 quod
1174 608 1279 636 essent
1303 602 1543 636 concionatores
1575 612 1630 634 seu
1655 602 1809 635 consessa-

1064 657 1102 689 rii
1128 657 1282 690 carissimi
1315 657 1346 689 in
1376 657 1499 690 Christo
1528 655 1584 688 filii
1618 656 1717 688 nostri
1742 656 1808 689 Lu-

1064 710 1166 743 dovici
1191 710 1386 743 Francorum
1419 710 1504 752 regis
1536 708 1810 748 christianissimi,

1064 764 1280 798 delinitorium
1301 763 1424 806 ingredi
1450 763 1481 795 in
1506 773 1607 806 eoque
1623 762 1810 805 suffragium

1065 819 1147 851 serre
1155 817 1401 862 praetenderint,
1412 817 1521 849 habito
1532 827 1588 860 per
1602 821 1810 859 exponentem

1065 873 1101 904 ea
1120 882 1214 916 super
1233 882 1269 904 re
1285 871 1322 904 ad
1341 870 1538 903 venerabiles
1555 870 1668 902 fratres
1684 874 1811 902 nostros

1065 930 1190 958 sanctae
1207 925 1367 958 Romanae
1388 924 1546 957 Ecclesiae
1567 923 1742 956 cardinales
1759 933 1812 955 ne-

1065 978 1164 1021 gociis
1189 979 1413 1021 episcoporum
1438 983 1468 1009 et
1494 976 1689 1019 regularium
1720 986 1811 1019 prae-

1065 1032 1184 1076 positos
1208 1043 1351 1073 recursu,
1372 1031 1529 1065 emanavit
1553 1031 1591 1063 ab
1616 1030 1726 1063 iisdem
1747 1041 1812 1063 car-

1066 1085 1223 1118 dinalibus
1258 1085 1420 1119 decretum
1462 1084 1580 1118 tenoris
1620 1083 1781 1127 sequentis
1803 1110 1811 1124 ,

1066 1139 1233 1172 videlicet:
1264 1152 1277 1172 α
1303 1139 1399 1173 Sacra
1434 1138 1640 1181 congregatio
1676 1137 1812 1170 eminen-

1066 1194 1262 1227 tissimorum
1299 1197 1424 1227 sanctae
1460 1193 1618 1225 Romanae
1654 1191 1812 1224 Ecclesiae

1066 1248 1284 1289 cardinalium,
1308 1248 1449 1291 negociis
1475 1251 1504 1281 et
1528 1246 1813 1279 consultationibus

1066 1302 1286 1346 episcoporum
1320 1308 1350 1334 et
1383 1301 1577 1344 regularium
1612 1300 1812 1344 praeposita,

1066 1357 1188 1389 censuit
1205 1355 1480 1389 concionatoribus
1498 1365 1534 1387 ac
1559 1354 1746 1387 confessaris
1763 1364 1813 1386 re-

1066 1420 1140 1453 gum
1162 1410 1343 1443 huiusmodi
1369 1409 1490 1442 nullum
1505 1409 1552 1441 ius
1577 1409 1671 1441 fuisse
1693 1408 1813 1451 quaesi-

1065 1470 1132 1497 tum
1157 1475 1214 1508 per
1235 1469 1476 1508 praenarratam
1507 1462 1603 1495 Breve
1636 1462 1735 1494 felicis
1760 1471 1811 1494 re-

1066 1518 1258 1551 cordationis
1282 1517 1400 1551 Urbani
1434 1516 1520 1557 Vlll,
1545 1516 1599 1550 sed
1630 1521 1751 1548 tantum
1777 1525 1811 1547 ea

1067 1572 1233 1615 privilegia
1257 1576 1476 1615 praeservata,
1502 1581 1603 1614 quae,
1628 1570 1676 1602 vel
1703 1570 1812 1612 vigore

1067 1625 1328 1658 constitutionum
1357 1624 1501 1665 Ordinis,
1534 1624 1582 1656 vel
1617 1623 1812 1656 indultorum

1067 1679 1330 1722 apostolicorum,
1351 1683 1404 1711 aut
1420 1677 1587 1710 cardinalis
1612 1676 1812 1720 protectoris,

1068 1732 1186 1765 eisdem
1212 1737 1303 1765 antea
1328 1735 1588 1775 competerent».

1113 1785 1241 1825 Romae,
1267 1796 1330 1818 xxx
1355 1785 1463 1828 aprilis
1488 1794 1604 1818 unezv.

1250 1857 1288 1889 M.
1314 1855 1482 1889 cardinalis
1506 1856 1676 1889 Giussrrus.

1168 1919 1203 1952 Η.
1219 1919 1475 1963 archiepiscopus
1489 1919 1695 1960 Petracensis‚
1708 1930 1785 1953 secr.

1112 1999 1175 2041 52.
1201 1999 1277 2032 Cum
1303 2004 1407 2031 autem
1433 2010 1468 2032 ea
1493 1999 1636 2032 firmiora
1657 1999 1727 2039 sint,
1746 1999 1814 2043 qui-

1068 2053 1126 2085 bus
1143 2053 1335 2096 apostolicae
1354 2052 1550 2086 auctoritatis
1566 2053 1664 2086 robur
1682 2052 1811 2095 aceedit,

1068 2105 1187 2138 idcirco
1211 2105 1304 2138 nobis
1329 2105 1411 2138 idem
1444 2106 1586 2138 minister
1610 2106 1812 2149 provincialis

1067 2160 1229 2192 humiliter
1260 2160 1432 2203 supplicari
1467 2160 1558 2200 fecit,
1584 2166 1617 2192 ut
1649 2160 1811 2193 decretum

1068 2214 1301 2257 praeinsertum
1336 2214 1525 2247 confirmare
1557 2213 1595 2246 dc
1620 2213 1813 2256 benignitate

1068 2267 1240 2310 apostolica
1264 2267 1477 2309 dignarentur.

1112 2321 1127 2363 ,ξ
1146 2320 1176 2353 3.
1197 2321 1259 2354 Nos
1276 2321 1382 2363 igitur,
1400 2321 1518 2354 dictum
1541 2321 1719 2354 ministrum
1742 2331 1813 2364 pro-

1070 2373 1234 2406 vincialem
1259 2375 1450 2418 specialIbus
1476 2375 1634 2407 favoribus
1652 2381 1681 2407 et
1700 2375 1811 2417 gratiis

1068 2428 1219 2470 prosequi
1245 2428 1395 2469 volentes,
1414 2432 1443 2461 et
1462 2438 1479 2460 a
1504 2428 1666 2471 quibusvis
1691 2437 1812 2461 excom-

1070 2481 1310 2521 municationis,
1335 2481 1550 2525 suspensionis
1576 2485 1606 2515 et
1631 2481 1811 2521 interdicti,

1106 2599 1117 2624 1
1142 2597 1297 2634 tegendum
1317 2601 1400 2627 tenus
1420 2606 1467 2633 pro
1488 2598 1573 2627 terris
1592 2598 1631 2633 (a.
1648 2599 1696 2632 r‚).

1723 167 1761 200 ’11
1812 177 1863 204 Αη.
1885 176 1913 204 C.
1937 177 2005 204 1655

1854 1149 1976 1170 Decretum.

1855 2006 1977 2027 Confirmat-i
2001 2012 2013 2027 a

1830 2034 1930 2054 l’ruittsiee
1941 2034 2013 2054 derre-

1828 2063 1870 2080 tum
1886 2063 1972 2086 petitur.

1839 2355 1841 2357 ¹
1862 2328 1937 2348 Annuit
1960 2327 2012 2347 Pon>

1829 2356 1885 2375 lust-x.
