2243 3205
36 179 83 205 fin.
95 176 128 203 C.
151 175 217 203 1660

62 713 145 735 motiva.

68 2207 172 2230 Quaesita.

68 2469 180 2497 Responsa.

828 171 1013 196 ALEXANDER
1037 171 1082 194 vn
1105 171 1154 194 ΡΡ.

498 221 697 256 CCLxxxlv.

227 293 398 327 Absolutio
423 298 451 326 et
470 293 668 337 dispensatio
684 303 780 336 super
796 292 909 324 minus
922 302 968 324 ca-

271 348 388 380 noni'cci
403 348 639 380 consecratione
663 347 809 389 impensa
823 350 851 378 et
871 355 969 388 respe-

272 401 351 433 clive
374 402 520 445 suscepta
552 401 591 433 ab
621 400 776 443 episcopis
800 399 969 431 civitatum

272 454 516 497 Assumptz'om's
544 458 574 487 ec
603 454 628 486 T
629 454 844 486 mamanensi
861 455 898 486 in·
917 453 971 486 In-

272 507 337 540 diis
363 506 649 541 Occidentalffius'.

423 586 589 613 Alexander
609 587 686 620 Papa
707 587 776 620 VII,

344 650 348 655 .
373 630 558 657 adfuturam
578 631 624 657 rei
645 631 817 658 memoriam

276 701 291 744 ἓ
315 700 345 733 ’1.
360 701 443 733 Alias
465 712 524 744 pro
550 706 641 745 parte
661 701 849 734 venerabilis
867 702 972 735 fratris

230 754 369 798 episcopi
396 754 529 787 civitatis
557 755 791 798 Assumptionis
812 766 974 799 nuncupa-

232 813 280 841 tae
312 805 495 851 provinciae
526 807 782 851 Paraquariensis
817 808 847 840 in
879 808 974 841 Indiis

231 861 481 894 Occidentalibus
495 861 732 904 congregationi
748 862 972 895 venerabilium

231 914 364 947 fratrum
389 919 573 948 nostrorum
598 914 627 947 Si
647 915 680 948 R.
709 914 741 947 Ε.
768 915 972 948 cardinalium

231 967 359 1001 Concilii
385 967 558 1001 Tridentini
585 967 793 1011 interpretum
821 968 973 1012 exposito,

231 1021 315 1064 quod
340 1021 405 1065 ipse
431 1021 598 1065 episeopus
623 1021 854 1064 possessionem
880 1023 975 1055 eccle-

231 1074 295 1106 siae
319 1074 451 1108 civitatis
475 1074 708 1118 Assumptionis
727 1074 908 1107 huiusmodi
924 1086 975 1119 ap-

230 1127 458 1171 prehendisset,
483 1134 513 1160 et
536 1139 553 1161 a
578 1128 748 1161 venerabili
769 1129 862 1162 etiam
880 1129 974 1162 fratrc

232 1180 380 1225 episcopo
400 1182 629 1214 Tucumanensi
651 1182 829 1215 consecrari
866 1193 974 1215 curas-

231 1239 297 1275 set,
322 1244 386 1267 non
409 1235 616 1277 praesentatis
650 1235 762 1268 litteris
786 1235 974 1278 ,apostolicis

231 1287 421 1332 provisionis
446 1287 714 1331 et-praesectionis
739 1299 813 1321 suae
832 1289 862 1320 in
887 1289 972 1332 epis·-

233 1351 346 1384 copum
378 1340 517 1373 eiusdem
551 1341 727 1383 eeclesiae,
760 1352 839 1385 quae
871 1347 975 1374 tamen

233 1403 342 1426 revera
367 1403 534 1427 concessae
559 1394 648 1437 prius
673 1398 703 1428 et
728 1394 890 1438 expeditae
907 1395 975 1427 fue-

232 1452 323 1487 rant,
348 1447 448 1491 deque
477 1447 545 1490 ipsa
570 1447 772 1480 concessione
798 1453 827 1480 et
853 1448 976 1491 expedi-

234 1501 317 1534 tione
332 1502 468 1545 praeviis
486 1501 674 1545 quibusdam
702 1502 975 1535 informationibus

234 1554 412 1598 aliqualiter
437 1555 612 1595 constabat;
638 1555 784 1599 quodque
810 1566 976 1588 consecra-

234 1608 277 1641 tio
295 1608 474 1642 huiusmodi
489 1609 527 1641 ab
546 1609 639 1642 unico
657 1609 818 1652 praedicto
830 1609 976 1653 episcopo

233 1662 474 1702 Tucumanensi‚
488 1663 704 1696 assistentibus
722 1664 846 1696 duobus
872 1664 909 1697 dc
927 1675 976 1697 ca-

233 1716 332 1760 pitulo
356 1716 524 1758 canonicis,
550 1720 678 1760 peracta
703 1717 820 1759 suisset,
839 1728 902 1750 non
924 1728 973 1750 cx-

234 1769 334 1802 hibito
366 1770 538 1813 apostolico
569 1770 810 1814 dispensationis
840 1770 976 1813 indulto,

234 1822 319 1866 quod
344 1828 447 1855 tamen
480 1834 514 1856 re
543 1823 610 1866 ipsa
635 1823 758 1867 pridem
791 1834 976 1857 concessum

234 1876 335 1911 suerat
358 1881 388 1911 et
412 1877 470 1910 sub
496 1877 622 1921 aliquali
649 1878 741 1911 liuius
766 1879 977 1912 concessionis

234 1931 343 1965 notitia
375 1937 428 1963 aut
460 1931 569 1963 saltem
602 1932 860 1975 praesumptione
892 1933 976 1976 (quia

235 1984 353 2018 scilicet
377 1983 472 2017 Sedes
495 1984 676 2027 Apostolica
709 1984 799 2017 solita
830 1985 869 2017 sit
893 1985 978 2018 circa

234 2047 402 2070 numerum
437 2037 657 2081 episcoporum
692 2037 873 2081 dispensare
906 2050 976 2071 cum

235 2091 394 2135 episcopis
415 2091 636 2124 consecrandis
653 2091 684 2123 in
704 2091 813 2135 Indiis)
831 2102 978 2135 praenar-

235 2150 302 2177 rata
319 2144 512 2178 consecratio
530 2144 609 2178 sacta
626 2144 742 2184 suerat3
764 2155 799 2178 ac
817 2145 977 2189 quaesito:

281 2208 300 2231 1.
318 2199 363 2231 An
384 2190 544 2242 praedicta
561 2198 728 2242 possessio,
747 2209 809 2231 non
828 2209 977 2242 praesen-

236 2252 306 2286 tatis
330 2252 442 2285 litteris
460 2252 640 2296 apostolicis
657 2252 864 2296 apprehensa,
884 2252 978 2285 suerit

236 2305 395 2348 legitima;

279 2368 310 2391 ιι.
332 2359 378 2391 An
393 2363 596 2402 praenarrata
613 2358 818 2399 consecratio,
833 2363 867 2391 ut
883 2368 977 2402 supra

234 2416 379 2455 peracta,
409 2411 501 2444 suerit
533 2410 651 2451 valida,

279 2465 420 2498 Praesata
443 2464 649 2497 cardinalium
681 2464 885 2508 congregatio
899 2491 907 2505 ,
927 2464 977 2497 die

235 2518 361 2563 quidem
380 2518 482 2562 prima
499 2518 687 2562 septembris
698 2527 836 2560 MDCLvn,
848 2528 976 2562 respon-

270 2583 283 2609 1
302 2582 338 2609 Ex
354 2582 462 2618 Regest.
480 2582 506 2609 in
522 2581 625 2609 Secret.
643 2581 721 2609 Brev.

1646 159 1705 192 541

1001 218 1059 251 dit:
1076 218 1121 251 Ad
1140 218 1289 262 primum,
1306 229 1368 252 non
1386 219 1480 251 fuisse
1495 217 1683 260 legitimam:
1699 215 1745 249 Ad

1001 271 1175 305 secundum
1209 282 1284 304 vero
1320 271 1427 304 eadem
1465 270 1669 314 congregatio
1695 269 1744 302 die

1002 335 1044 357 xv
1069 324 1246 357 decembris
1271 324 1342 358 dicti
1369 324 1451 365 anni,
1477 335 1510 356 re
1537 328 1659 356 mature
1683 322 1745 355 dis-

1003 379 1105 418 cussa,
1122 377 1293 410 secundum
1314 388 1349 410 ea
1366 388 1445 421 quac
1474 376 1744 421 proponebantur,

1004 431 1165 475 respondit
1182 431 1396 475 supradictam
1422 431 1693 464 consecrationem
1714 440 1746 462 e-

1003 485 1123 529 piscopi
1154 484 1418 528 Paraquariensis,
1443 490 1593 528 quantum
1629 488 1748 527 spectat

1006 539 1043 571 ad
1069 544 1300 572 sacramentum
1326 543 1356 571 et
1376 538 1616 581 impressionem
1642 538 1749 571 ebara-

1006 591 1109 633 eteris,
1126 592 1223 625 fuisse
1243 591 1393 631 validani;
1414 597 1565 634 quantum
1592 602 1666 624 vero
1683 601 1748 634 spe-

1006 651 1068 678 ctat
1087 645 1125 678 ad
1150 645 1266 679 licitam
1291 644 1507 678 executionem
1530 644 1660 685 ordinis,
1678 644 1749 677 suis-

1007 709 1039 732 se
1064 699 1185 732 irritam
1211 704 1241 731 et
1273 698 1417 740 inanem,
1443 702 1473 731 et
1501 697 1685 741 episcopum
1707 697 1749 729 ita

1007 759 1236 794 consecratum,
1250 764 1285 786 ac
1304 753 1478 796 respective
1500 757 1748 791 consecrantem,

1008 806 1149 849 indigere
1167 806 1363 840 absolutione
1388 811 1418 838 et
1441 805 1682 849 dispensatione.

1054 860 1069 903 g
1094 860 1122 892 Ξ.
1148 859 1249 899 Quare
1272 870 1331 903 pro
1356 864 1445 903 parte
1470 858 1653 891 eorumdem
1680 858 1751 891 civi-

1009 913 1078 945 tatis
1103 913 1332 957 Assumptionis
1363 916 1392 946 et
1415 911 1660 945 Tucumanensis
1685 911 1750 954 epi-

1008 977 1177 1010 scoporum
1210 966 1300 999 nobis
1330 965 1387 998 suit
1412 965 1574 998 humiliter
1598 964 1751 1008 supplica-

1009 1026 1084 1061 tum,
1110 1025 1271 1052 uteorum
1297 1019 1389 1052 statui
1410 1025 1588 1062 opportune
1609 1019 1638 1050 in
1664 1028 1752 1061 prae-

1009 1073 1111 1106 missis
1125 1073 1292 1117 providere
1309 1073 1347 1105 de
1371 1073 1563 1115 benignitate
1579 1071 1750 1116 apostolica

1009 1126 1223 1169 dignaremur.

1053 1180 1067 1223 ἓ
1091 1179 1120 1213 3.
1146 1180 1208 1213 Nos
1225 1180 1333 1223 igitur,
1352 1179 1518 1222 specialem
1544 1178 1660 1211 eisdem
1686 1178 1751 1221 epi-

1009 1233 1113 1276 scopis
1139 1233 1272 1275 gratiam
1291 1233 1394 1265 facere
1419 1232 1568 1272 volentes,
1587 1237 1616 1264 et
1639 1241 1750 1264 eorum

1009 1285 1184 1329 singulares
1208 1296 1369 1330 personas,
1394 1296 1411 1318 a
1432 1284 1594 1329 quibusvis
1626 1295 1752 1317 excom-

1009 1339 1240 1380 municationis,
1265 1339 1459 1380 etc.‚harum
1485 1337 1565 1371 serie
1589 1337 1752 1371 absolven-

1010 1398 1055 1426 tes
1072 1398 1101 1425 et
1118 1392 1276 1426 absolutas
1302 1392 1368 1425 fore
1386 1396 1557 1432 censentes,
1572 1389 1753 1423 huiusmodi

1010 1445 1292 1490 supplicationibus
1317 1444 1467 1486 inclinati,
1492 1444 1530 1477 de
1555 1449 1750 1477 memorato·—

1010 1510 1081 1532 rum
1106 1499 1313 1532 cardinalium
1341 1498 1483 1540 consilio,
1510 1498 1594 1541 ipsos
1619 1496 1752 1530 civitatis

1009 1553 1240 1597 Assumptionis
1253 1559 1282 1585 et
1293 1553 1562 1585 Tucumanensem
1577 1551 1750 1594 episcopos,

1010 1612 1040 1640 ct
1064 1617 1174 1640 eorum
1205 1606 1357 1649 singulos,
1382 1616 1399 1637 a
1424 1604 1565 1638 censuris
1590 1609 1619 1637 et
1642 1604 1752 1648 poenis

1010 1660 1228 1694 ecclesiasticis
1245 1659 1436 1703 quibuslibet
1448 1669 1505 1702 per
1519 1669 1572 1691 eos
1588 1658 1752 1691 occasione

1010 1713 1256 1747 consecrationis
1274 1713 1354 1746 sicut
1370 1711 1583 1756 praemittitur
1605 1716 1752 1755 peractae

1011 1778 1139 1812 quoquo
1157 1766 1251 1800 modo
1269 1766 1445 1810 respective
1462 1765 1607 1805 incursis,
1628 1770 1658 1797 et
1674 1775 1752 1808 quas

1011 1822 1071 1865 ipsi
1097 1821 1267 1854 incurrisse
1281 1820 1352 1862 dici,
1367 1819 1497 1859 censeri,
1524 1818 1687 1863 praetendi
1706 1817 1752 1851 vel

1011 1875 1142 1918 intelligi
1167 1875 1311 1919 possent,
1340 1873 1525 1907 auctoritate
1558 1872 1751 1917 apostolica,

1011 1934 1119 1961 tenore
1143 1927 1369 1972 praesentium,
1386 1926 1579 1959 absolvimus
1596 1931 1625 1958 et
1646 1925 1753 1969 plena-

1011 1982 1056 2015 rie
1082 1982 1269 2021 liberamus3
1295 1991 1331 2014 ac
1355 1991 1426 2013 curn
1453 1979 1570 2013 eisdem
1596 1979 1752 2023 episcopis

1011 2041 1040 2068 et
1054 2047 1165 2069 eorum
1191 2034 1322 2078 singulis
1336 2045 1432 2078 super
1449 2033 1680 2076 irregularitate
1696 2043 1752 2076 per

1011 2100 1064 2123 eos
1086 2089 1333 2134 praemissorum
1366 2088 1530 2121 occasione
1555 2086 1752 2131 quomodoli-

1011 2144 1062 2177 bet
1091 2144 1274 2183 contiacta,
1301 2143 1341 2175 ita
1376 2141 1460 2186 quod
1490 2141 1541 2173 illa
1573 2146 1603 2173 et
1634 2140 1751 2173 eisdem

1011 2196 1191 2240 praemissis
1201 2206 1263 2229 non
1278 2195 1486 2235 obstantibus,
1501 2193 1674 2227 dummodo
1687 2193 1752 2225 nul-

1011 2251 1075 2283 lum
1101 2249 1184 2282 aliud
1210 2249 1395 2282 canonicum
1422 2248 1466 2281 cis
1497 2247 1670 2291 respective
1697 2246 1751 2280 ob-

1011 2309 1069 2337 stet
1093 2304 1370 2347 impedimentum,
1396 2301 1533 2335 clcricali
1559 2301 1751 2341 charactere,

1010 2368 1072 2400 quo
1097 2357 1172 2389 alias
1198 2356 1256 2389 rite
1277 2355 1416 2399 insigniti
1444 2355 1579 2395 fuerunt,
1605 2353 1751 2397 illiusque

1011 2410 1184 2454 privilegiis
1216 2409 1281 2449 uti,
1306 2420 1341 2442 ac
1378 2409 1408 2440 in
1441 2407 1594 2451 susceptis
1618 2418 1674 2451 per
1698 2417 1751 2440 eos

1011 2464 1130 2507 pariter
1161 2463 1219 2496 rite
1241 2468 1375 2506 quatuor
1408 2462 1604 2504 minoribus,
1630 2471 1751 2495 necnon

1010 2516 1106 2550 sacris
1130 2516 1383 2557 subdiaconatus,
1407 2515 1589 2548 diaconatus
1613 2520 1643 2548 et
1667 2525 1751 2558 pres-

1010 2571 1169 2615 byteratus
1198 2569 1371 2610 ordinibus,
1398 2569 1490 2603 etiam
1517 2569 1547 2602 in
1570 2569 1677 2602 altaris
1696 2570 1751 2601 mi-

1758 168 1807 194 Αη.
1826 167 1853 193 c.
1873 161 1942 195 1660

1793 1190 1935 1212 Confirmatio.
