2185 3188
49 168 97 195 An.
115 168 143 194 C.
164 167 229 193 1656

84 866 228 890 Transumpto-

50 898 92 914 rum
106 892 164 912 sides.

79 2460 193 2484 Exordium.

834 161 893 185 ALE
900 161 1024 184 xitxnssn
1052 162 1093 183 vti
1119 162 1166 183 ΓΡ.

245 224 300 257 per
317 212 433 250 sirmas
457 210 570 243 validas
592 217 619 243 et
641 211 782 243 efficaces
800 209 934 241 existere
959 213 988 240 et

244 266 322 306 sore,
340 276 376 298 ac
392 264 463 304 illis,
478 264 515 296 ad
541 275 619 308 quos
645 268 765 308 spectat
782 267 811 295 et
837 272 895 305 pro
915 267 988 294 tem-

244 328 321 362 pore
346 316 511 361 spectabit,
527 316 706 360 plenissime
733 314 911 357 suffragari,
929 315 987 347 sic-

245 381 306 416 que
337 371 369 403 in
396 370 579 415 praemissis
609 380 664 413 per
696 378 913 412 quoscumque
941 367 987 400 iu-

243 424 328 458 dices
352 424 531 457 ordinarios
556 429 585 456 et
610 423 780 466 delegato&
801 421 893 454 etiam
919 433 987 454 cau-

244 488 349 512 sarum
368 477 473 521 palatii
494 476 658 521 apostolici
676 475 849 515 auditores,
867 474 987 508 sublata

244 529 288 570 eis
313 535 344 563 et
371 540 480 563 eorum
508 529 635 562 cuilibet
659 527 768 572 ‹Vluavis
793 527 883 559 aliter
912 527 988 559 iudi-

244 583 333 617 candi
358 588 388 616 et
412 582 639 626 interpretandi
669 582 816 614 facultate
834 586 864 613 et
880 587 986 614 aucto—

244 636 344 676 ritate,
363 635 494 669 iudicari
517 641 547 668 et
566 634 689 668 deliniri
710 634 842 674 debere,
863 644 898 666 ac
916 634 987 667 irri-

245 693 309 723 tum
335 694 365 722 et
389 689 489 729 inane,
514 689 539 721 si
561 700 651 722 secus
676 700 770 732 super
794 688 842 721 liis
866 699 883 721 a
907 699 986 732 quo-

244 752 363 786 quam,
395 742 504 786 quavis
535 742 743 782 auctoritate,
779 741 914 775 scienter
939 742 984 775 vel

243 794 436 838 ignoranter,
461 800 518 828 etc.

287 848 303 892 ᾖ
327 847 357 881 4.
382 848 450 881 Non
479 848 677 881 obstantibus
710 848 985 882 constitutionibus

244 906 274 934 et
290 901 539 934 ordinationibus
557 901 748 945 apostoliciS,
762 911 894 941 necnon,
908 912 984 945 qua-

244 959 333 987 tenus
363 965 442 998 opus
466 954 525 995 sit,
551 954 694 996 Ordinis,
719 955 983 998 congregationis⁷

243 1007 476 1051 provinciarum
502 1014 531 1041 et
556 1014 766 1041 conventuum
793 1009 982 1049 huiusmodi,

243 1060 336 1093 etiam
369 1060 545 1094 iuramento
560 1089 567 1103 ‚
592 1062 832 1095 confirmatione
856 1068 982 1105 aposto-

242 1114 313 1154 lica,
338 1114 384 1146 vel
414 1113 523 1157 quavis
550 1114 698 1147 firmitate
726 1114 787 1146 alia
816 1114 982 1156 roboratis,

242 1167 365 1200 statutis
383 1172 412 1200 et
426 1167 717 1208 consuetudinibus,
727 1167 910 1211 privilegiis,
925 1173 981 1200 etc.

243 1222 273 1254 in
299 1221 492 1254 eontrarium
517 1221 764 1265 praemissorum
789 1221 984 1265 quomodoli—

242 1274 294 1307 bet
324 1275 502 1315 concessis,
528 1276 722 1308 confirmatis
754 1281 784 1308 et
808 1275 982 1314 innovatis;

242 1329 355 1373 quibus
379 1329 537 1371 omnibus,
559 1335 627 1369 etc.;
645 1329 830 1373 ceterisque,
848 1335 905 1363 etc.

286 1384 302 1426 ἓ
326 1383 355 1416 5.
382 1383 533 1416 Volumus
558 1389 684 1425 autem,
714 1389 784 1423 etc„
808 1393 903 1415 manu
928 1383 984 1415 ali-

241 1437 331 1471 cuius
347 1437 460 1471 notarii
474 1437 590 1482 publici
612 1437 809 1481 subscriptis,
827 1441 856 1471 et
870 1437 983 1479 sigillo,

243 1497 312 1532 etc„
329 1491 438 1524 eadem
461 1501 592 1535 prorsus
610 1491 687 1524 tides
708 1491 823 1534 ubique
842 1491 982 1524 locorum

243 1549 304 1578 tam
339 1544 370 1577 in
402 1544 518 1577 iudicio
550 1555 644 1588 quam
671 1550 757 1576 extra
789 1544 864 1576 illud
893 1543 983 1576 adbi-

241 1597 363 1639 beatur,
389 1608 470 1642 quac
501 1597 578 1641 ipsis
612 1597 830 1641 praesentibus
858 1597 984 1630 adbibe-

242 1643 339 1692 retur,
364 1651 388 1684 si
409 1652 512 1684 serent
532 1650 689 1684 exhibitae
715 1651 760 1683 vel
785 1656 938 1683 ostensae.

286 1706 396 1739 Datum
424 1705 553 1746 Romae,
577 1705 660 1748 apud
691 1705 720 1738 S.
748 1703 874 1738 Mariam
894 1705 984 1738 Maio-

241 1769 319 1800 rem,
340 1759 399 1792 sub
433 1759 549 1791 annulo
575 1758 752 1799 Piscatoris,
782 1758 832 1791 die
862 1770 881 1792 x
918 1759 983 1792 iulii

243 1822 369 1854 unch1,
393 1812 593 1856 pontificatus
617 1811 716 1845 nostri
738 1822 820 1845 anno
841 1822 872 1845 ιι.

278 1873 337 1901 Dat.
355 1874 387 1901 10
400 1873 458 1902 iulii
477 1874 553 1908 1656,
569 1873 663 1909 pontis.
681 1881 753 1901 anno
770 1881 799 1901 11.

563 2016 662 2051 CXIX.

245 2098 310 2132 Pro
333 2097 505 2131 concordia
525 2099 667 2140 fratrum
692 2098 853 2141 reputaris
872 2097 982 2131 Obser-

287 2153 419 2185 vanliae
455 2152 560 2185 sancii
595 2152 762 2185 Francisci
796 2152 984 2195 provinciae

290 2205 425 2239 Ioannis
443 2205 475 2239 S.
494 2205 720 2247 Evanycbistae
738 2205 924 2238 insularum
946 2205 984 2237 de

289 2259 449 2294 Azzorres.

440 2339 602 2366 Alexander
622 2339 701 2373 Papa
721 2339 784 2371 vu,

388 2384 424 2411 ad
443 2384 576 2411 futuram
597 2383 641 2411 rei
662 2383 841 2411 memoriam.

292 2456 325 2489 ln
349 2455 475 2488 sublimi
505 2454 592 2487 Sedis
624 2454 819 2498 Apostolicae
855 2454 983 2498 specula

248 2508 384 2541 universi
417 2508 522 2551 gregis
553 2507 702 2541 dominici
734 2519 829 2541 curae
859 2514 983 2541 nostrae

1676 149 1736 180 ibt»

1022 208 1164 250 gilantes,
1184 208 1255 247 illis,
1277 219 1357 252 quae
1382 219 1439 251 pro
1465 207 1607 241 tollendis
1628 206 1764 238 dissidiis

1023 261 1102 293 inter
1123 260 1287 303 religiosos
1306 260 1398 300 viros,
1416 261 1474 292 sub
1495 260 1581 293 suavi
1603 259 1765 301 religionis

1022 313 1096 355 iugo
1121 313 1270 345 Altissimi
1297 313 1457 356 obsequiis
1479 313 1684 357 mancipatos,
1702 323 1764 345 non

1022 366 1087 399 sine
1107 365 1261 408 regularis
1286 366 1505 398 observantiae
1525 366 1714 399 detrimento
1736 372 1765 397 et

1023 419 1148 463 piorum
1175 418 1349 451 offensione
1374 419 1492 451 exortis
1528 419 1659 462 provide
1689 430 1763 450 con-

1022 472 1149 506 cordata
1166 483 1201 505 ac
1218 472 1342 504 decreta
1369 477 1399 504 et
1424 472 1566 504 ordinata
1587 478 1667 513 sunt,
1686 483 1763 505 non·

1020 536 1181 569 nunquam
1207 525 1400 568 apostolicae
1425 525 1675 558 confirmationis
1700 536 1759 557 no-

1021 585 1103 611 strae
1128 578 1338 622 patrocinium
1357 578 1567 620 adiungimus,
1591 584 1694 621 prout,
1718 590 1763 610 rc-

1022 643 1103 672 rum,
1120 642 1339 675 personarum,
1357 632 1501 664 locorum
1527 635 1556 664 et
1581 636 1761 674 ter-mporum

1020 685 1168 728 qualitate
1195 691 1317 717 mature
1342 686 1481 728 pensata,
1500 684 1712 727 conspicimus
1733 685 1762 716 in

1020 738 1154 771 Domino
1178 738 1347 771 salubriter
1367 737 1524 780 expedire.

1064 793 1079 835 ἓ
1107 792 1132 824 1.
1158 792 1234 826 Cum
1259 791 1374 835 itaque,
1399 791 1479 824 sicut
1503 791 1698 834 accepimus,
1724 791 1761 822 ad

1020 845 1252 889 componendas
1283 844 1513 878 controversias
1544 843 1575 876 in
1599 843 1761 886 provincia

1019 899 1049 932 S.
1068 899 1192 932 loannis
1218 899 1436 942 Evangelistae
1457 899 1487 930 in
1513 898 1623 931 insulis
1647 897 1685 930 de
1710 898 1763 929 Az-

1019 963 1126 985 zorres
1148 952 1337 996 nuncupatis
1354 952 1543 985 consistente
1560 950 1684 984 Ordinis
1702 951 1763 982 fra-

1019 1011 1102 1038 trum
1129 1005 1282 1039 ·Minorum
1307 1004 1404 1038 saneti
1423 1004 1580 1037 Francisci
1599 1004 1637 1036 de
1654 1004 1763 1037 Obser-

1020 1059 1122 1091 vantia
1152 1063 1429 1101 nuncupatorum,
1462 1068 1479 1090 a
1509 1057 1648 1101 quinque
1673 1057 1762 1089 anuis

1020 1111 1066 1144 vel
1100 1111 1226 1145 circiter
1258 1111 1445 1151 suscitatas,
1475 1110 1645 1144 concordia
1680 1110 1761 1142 inter

1017 1170 1122 1208 partes
1146 1164 1298 1197 interesse
1323 1164 1473 1196 habentes
1499 1164 1572 1196 inita
1597 1163 1700 1199 suerit,
1725 1174 1761 1195 ac

1017 1217 1370 1251 eamdemconcordiam
1390 1217 1576 1250 venerabilis
1594 1217 1689 1250 frater
1710 1228 1761 1251 nor

1017 1277 1081 1304 ster
1106 1272 1127 1304 F
1131 1271 1292 1304 ranciscus
1311 1271 1477 1315 episcopus
1496 1271 1677 1304 Portuensis
1695 1281 1761 1303 car-

1017 1325 1128 1358 dinalis
1156 1325 1348 1358 Barberinus
1379 1329 1588 1368 nuncupatus,
1612 1324 1641 1356 S.
1669 1325 1701 1356 lt.
1728 1324 1759 1356 13.

1018 1378 1302 1418 vicecancellarius,
1315 1388 1437 1411 necnon
1454 1377 1527 1411 dicti
1541 1377 1666 1411 Ordinis
1679 1378 1760 1421 apud

1018 1443 1074 1466 nos
1092 1438 1122 1465 et
1138 1432 1250 1466 Sedem
1271 1432 1483 1476 Apostolicam
1508 1435 1679 1475 protector,
1697 1437 1759 1463 tam

1017 1487 1112 1520 oflicii
1138 1486 1328 1531 protectoris
1348 1485 1540 1526 huiusmodi,
1557 1496 1650 1529 quam
1677 1486 1760 1518 delc-

1018 1544 1088 1584 gata
1114 1540 1172 1574 sibi
1198 1551 1254 1584 per
1284 1540 1564 1583 congregationem
1598 1539 1761 1572 venerabi-

1019 1595 1095 1628 lium
1120 1594 1239 1638 pariter
1259 1595 1392 1627 fratrum
1412 1598 1594 1626 nostrorum
1620 1593 1758 1626 eiusdem

1019 1649 1047 1682 S.
1066 1649 1099 1681 lt.
1119 1648 1150 1681 E.
1170 1647 1388 1689 cardinalium,
1402 1646 1537 1690 negotiis
1554 1652 1585 1679 et
1604 1647 1761 1679 consulta-

1018 1702 1155 1736 tionibus
1169 1701 1389 1745 episcoporum
1408 1706 1438 1733 et
1455 1700 1649 1743 regularium
1670 1710 1760 1743 prae-

1019 1756 1164 1801 positam,
1182 1755 1378 1795 auctoritate,
1396 1754 1631 1788 confirmaverit
1651 1760 1681 1786 et
1705 1765 1760 1797 ap-

1017 1810 1217 1854 probaverit,
1244 1808 1392 1852 variaque
1417 1818 1475 1852 pro
1500 1807 1582 1840 illius
1607 1807 1759 1840 observa-

1019 1864 1103 1897 tione
1138 1863 1266 1896 decreta
1299 1865 1329 1895 et
1356 1861 1572 1895 ordinationes
1605 1860 1760 1901 ediderit,

1019 1921 1114 1961 prout
1139 1916 1261 1960 plenius
1286 1915 1465 1949 continetur
1483 1914 1513 1947 in
1531 1914 1644 1946 litteris
1665 1914 1761 1957 ipsius

1019 1970 1176 2003 Francisci
1202 1968 1371 2002 cardinalis
1391 1968 1526 2012 desuper
1544 1968 1692 2000 consectis
1717 1973 1761 1999 te-

1018 2024 1105 2058 noris
1129 2023 1184 2067 qui
1208 2022 1361 2067 sequitur,
1387 2021 1540 2056 videlicet:

1063 2079 1077 2121 g
1102 2078 1132 2111 2.
1163 2092 1175 2109 u
1199 2076 1395 2115 Franciscus,
1428 2075 1630 2108 miseratione
1658 2074 1762 2107 divina

1018 2132 1185 2175 episcopus
1210 2128 1402 2171 Portuensis,
1423 2128 1591 2161 cardinalis
1617 2128 1762 2160 barberi-

1018 2195 1087 2224 nus,
1107 2184 1137 2216 S.
1163 2184 1197 2216 R.
1218 2183 1251 2215 E.
1274 2181 1559 2221 vicecancellarius,
1577 2192 1612 2214 ac
1637 2180 1762 2214 Ordinis

1018 2237 1115 2270 sancti
1140 2235 1298 2269 Francisci
1331 2240 1511 2280 protector,
1545 2239 1708 2268 corrector
1733 2239 1763 2266 ct

1019 2292 1224 2335 gubernator,
1242 2295 1300 2323 ete.
1325 2288 1473 2322 omnibus
1491 2294 1521 2321 et
1546 2288 1679 2330 singulis
1705 2288 1763 2319 sra-

1019 2345 1118 2379 tribus
1143 2349 1173 2377 et
1197 2342 1386 2376 monialibus
1411 2347 1472 2374 tam
1503 2341 1635 2374 subditis
1666 2351 1760 2384 qnam

1019 2398 1166 2443 praelatis
1184 2397 1410 2440 cuiuscumque
1427 2395 1585 2440 qualitatis
1610 2400 1639 2427 et
1654 2395 1761 2427 condi-

1019 2452 1122 2492 tionis,
1140 2450 1348 2494 omnibusque
1367 2449 1435 2482 aliis
1453 2449 1568 2493 quibus
1583 2453 1761 2492 praesentes

1018 2511 1145 2540 nostrae
1158 2505 1280 2538 litterae
1290 2510 1432 2537 ostensae
1444 2503 1568 2543 suerint,
1581 2502 1761 2546 provinciae

248 2561 396 2594 divinitus
409 2560 567 2595 commissi
582 2561 755 2594 commodis
775 2561 889 2603 iugiter
907 2560 982 2593 invi·
1017 2561 1047 2594 S.
1073 2558 1196 2593 loannis
1221 2557 1438 2601 Evangelistae
1458 2557 1632 2590 insularum
1653 2556 1690 2589 dc
1708 2556 1761 2589 Az-

332 2626 408 2652 fluct.
430 2625 513 2652 Rom.
530 2639 563 2643 —
586 2625 643 2651 t'ot.
660 2622 735 2651 XVI.
885 2624 918 2650 24

1783 162 1829 182 A..v
1851 163 1867 179 4,
1898 157 1964 183 1656

1805 804 1882 824 Mutii-ii
1900 806 1962 825 lmiuz

1778 831 1943 851 Giinttinitieuis.

1805 2082 1874 2101 'senor
1885 2083 1961 2100 constt-

1778 2109 1881 2127 tuliunuin
1906 2114 1962 2126 ema·

1778 2137 1874 2154 natarum
1898 2140 1961 2158 super

1795 2163 1946 2181 ronti-meinis

1779 2188 1872 2210 fratrum,
1888 2190 1929 2208 etc.
