2243 3205
225 174 274 202 An.
291 175 321 202 c.
344 174 410 201 1659
455 165 519 198 486

228 2565 337 2590 Contraria
351 2567 410 2590 toltit

424 228 569 256 secutura
587 233 802 267 quaecumque
818 223 904 257 nullo
925 234 1061 268 unquam
1087 230 1160 258 tem-

424 287 502 320 pore
526 276 583 308 sub
608 276 774 319 quibusvis·
794 277 942 310 similium
962 278 1008 310 vel
1026 278 1159 311 dissimi-

425 329 500 361 lium
527 329 771 370 restitutionum,
789 330 1079 374 reintegrationum,
1097 342 1160 364 cre-

424 382 574 423 ctionum‚
600 383 857 427 suppressionum
876 390 906 417 et
922 385 1159 425 extinctionum‚

423 436 688 479 applicationum,
721 437 967 480 assignationum
993 444 1022 471 et
1047 449 1160 482 appro-

423 489 624 532 priationum,
649 491 740 523 etiam
766 491 910 524 effectum
932 491 1069 524 nondum
1092 501 1160 523 sor-

425 541 569 583 titarum,
594 554 629 575 ac
654 543 844 577 indultorum
871 544 1067 588 aliarumque
1091 554 1160 587 gra-

425 595 536 628 tiarum
573 596 845 639 revocationibus,
881 597 1160 641 suspensionibus,

424 647 674 689 limitationibus,
701 650 1006 690 modificationibus,
1032 649 1161 692 deroga-

425 701 562 736 tionibus
577 703 623 736 vcl
638 703 705 736 aliis
723 704 888 737 contrariis
905 703 1161 747 dispositionibus

424 755 517 788 ctiam
543 766 600 799 per
624 767 838 801 quascumque
863 757 983 789 litteras
1005 760 1033 791 ct
1050 757 1162 790 consti-

424 809 560 843 tutiones
584 811 782 854 apostolicas,
801 821 855 843 seu
869 810 1073 843 cancellariae
1092 820 1163 854 apo-

424 858 550 896 stolicae
567 864 703 906 regulas,
717 863 774 896 sub
789 863 1041 906 quibuscumque
1053 863 1163 896 verbo-

424 927 494 949 rum
514 917 674 950 tenoribus
690 923 718 950 et
732 917 852 958 formis,
866 928 901 950 ac
915 927 985 950 cum
1000 916 1163 961 quibusvis

425 969 572 1002 clausulis
603 975 633 1002 et
661 970 815 1011 decretis,
849 970 941 1002 etiam
967 980 1023 1013 per
1051 980 1108 1003 nos
1134 974 1163 1002 et

424 1032 640 1065 quoscumque
650 1032 848 1055 successores
865 1027 990 1055 nostros
1005 1022 1163 1055 Romanos

423 1074 599 1115 Pontifices,
625 1075 716 1108 etiam
742 1076 772 1108 in
803 1076 972 1108 crastinum
999 1076 1164 1108 cuiuslibet

425 1138 533 1161 eorum
547 1129 768 1172 assumptionis
782 1129 819 1161 ad
838 1128 952 1161 summi
971 1129 1163 1173 apostolatus

425 1181 544 1225 apicem
559 1192 594 1214 ac
608 1181 718 1215 Sedem
732 1182 954 1225 Apostolicam,
969 1182 1060 1215 etiarn
1077 1187 1163 1215 motu

425 1234 557 1278 proprio
582 1239 611 1267 et
628 1234 665 1267 de
683 1235 871 1278 apostolieae
888 1235 1048 1278 potestatis
1068 1235 1164 1279 pleni-

426 1288 554 1329 tudine,
579 1299 615 1321 ac
639 1288 899 1322 consistorialiter
927 1294 957 1321 et
985 1289 1059 1321 alias
1084 1299 1162 1332 quo-

426 1341 597 1374 modolibet
618 1352 677 1385 pro
695 1347 838 1385 tempore
858 1342 944 1374 factis
962 1345 991 1375 et
1009 1342 1164 1375 concessis

426 1394 664 1438 comprehendi,
688 1399 741 1428 aut
765 1395 1009 1439 comprehensas
1034 1400 1063 1428 et
1083 1406 1164 1429 com-

426 1448 583 1491 prehensa
615 1448 756 1489 censeri,
790 1449 843 1481 sed
879 1459 1003 1492 semper
1030 1449 1068 1481 ab
1104 1449 1164 1481 illis

426 1506 572 1544 exceptas
597 1507 626 1533 et
649 1507 789 1545 excepta,
807 1512 842 1534 ae
859 1502 982 1544 quoties
998 1501 1068 1534 illac
1085 1512 1165 1534 erna-

425 1554 551 1596 nabunt,
566 1555 655 1588 toties
671 1555 699 1587 in
714 1554 881 1598 pristinum
893 1560 923 1587 ct
937 1555 1162 1588 validissimum

426 1612 539 1640 statum
573 1608 750 1649 restitutas,
779 1609 933 1652 repositas
966 1613 995 1641 et
1025 1608 1164 1652 plenarie

426 1661 641 1704 reintegratas‚
667 1672 789 1695 necnon
806 1662 959 1704 restituta,
979 1661 1116 1706 reposita
1135 1667 1165 1694 et

426 1713 630 1757 reintegrata,
656 1725 690 1747 ac
715 1715 807 1747 etiam
833 1715 871 1747 de
895 1725 975 1748 novo
1000 1714 1058 1747 sub
1082 1725 1160 1758 qua-

426 1778 560 1811 cumque
585 1768 761 1811 posteriore
787 1769 858 1801 data
884 1778 940 1812 per
969 1768 1110 1812 priorem
1135 1773 1165 1800 et

425 1819 537 1853 fratres
562 1820 635 1853 dicti
660 1826 830 1854 conventus
861 1820 890 1853 S.
923 1821 1080 1854 Laurentii
1106 1831 1164 1864 pro

426 1876 566 1916 tempore
591 1874 756 1907 existentes
781 1874 925 1917 eligenda
952 1884 1115 1906 concessas
1135 1878 1164 1906 et

426 1936 595 1967 concessa,
627 1927 800 1971 firmaque,
833 1926 936 1960 valida
965 1931 995 1959 et
1028 1927 1164 1960 efficacia

426 1978 559 2012 existere
587 1985 616 2012 et
641 1981 717 2020 fore,
743 1990 778 2012 ac
802 1990 875 2013 suos
894 1980 1051 2023 plenarios
1072 1985 1101 2012 et
1119 1980 1164 2012 in-

426 2037 530 2075 tegros
554 2033 683 2066 ess'ectus
703 2033 808 2066 sortiri
834 2038 864 2066 et
884 2033 1035 2076 obtinere,
1057 2039 1087 2066 et
1104 2033 1164 2066 illis

425 2085 462 2117 ad
497 2096 576 2129 quos
603 2091 721 2130 spectat
746 2091 775 2118 et
807 2097 865 2130 pro
890 2091 1032 2130 tempore
1059 2097 1158 2130 quan-

425 2138 602 2182 documque
619 2139 774 2183 spectabit
787 2139 968 2183 plenissime
986 2139 1163 2183 suffragari,

425 2196 455 2225 et
480 2192 518 2224 ab
545 2192 606 2225 illis
631 2192 803 2236 respective
825 2192 1047 2226 inviolabiliter
1068 2198 1098 2226 et
1118 2193 1164 2225 in—

425 2255 575 2279 concusse
599 2245 760 2278 observari
786 2250 815 2278 ct
839 2245 1014 2290 adimpleri,

469 2298 484 2341 ἓ
508 2297 537 2331 9.
563 2298 676 2342 Sicque
693 2303 723 2332 et
742 2309 804 2332 non
822 2299 911 2331 aliter
934 2299 965 2331 in
982 2298 1163 2343 praemissis

425 2351 570 2384 omnibus
595 2357 624 2385 et
642 2352 773 2395 singulis
791 2352 923 2393 censeri,
940 2357 1032 2396 atquc
1050 2353 1089 2385 ita
1107 2363 1163 2396 per

425 2414 639 2449 quoscumque
663 2405 791 2446 iudices,
812 2410 881 2446 etc.,
902 2405 1032 2439 iudicari
1054 2411 1084 2439 et
1108 2406 1162 2439 de-

425 2456 508 2489 finiri
532 2457 660 2498 debere,
685 2469 721 2491 ae
745 2458 869 2491 irritum
894 2462 923 2493 et
947 2459 1048 2501 inane,
1069 2459 1095 2493 si
1119 2470 1163 2493 se-

425 2520 490 2552 cus,
515 2515 583 2551 etc.,
609 2511 775 2554 contigerit
798 2512 952 2545 attentari.

469 2563 483 2606 ξ
510 2563 558 2595 to.
585 2565 651 2598 Non
676 2565 870 2598 obstantibus
895 2566 1095 2609 praemissis,
1126 2576 1161 2600 ac

1005 176 1183 201 BULLAnttm
1207 176 1360 200 ROMANUM

1192 224 1230 257 de
1243 233 1304 256 non
1323 222 1532 257 concedendis
1553 222 1752 265 indulgentiis
1766 222 1805 255 ad
1820 221 1927 264 instar,

1193 283 1231 319 et,
1258 282 1409 320 quatenus
1434 287 1512 320 opus
1533 275 1581 317 sit,
1599 275 1638 309 de
1662 276 1822 320 perpetuis
1846 287 1924 321 sup-

1193 330 1420 374 pressionibus,
1438 329 1606 362 unionibus
1623 334 1652 362 et
1669 329 1928 373 applicationibus

1194 382 1425 416 committendis
1452 382 1489 415 ad
1513 387 1628 426 partes,
1653 381 1768 415 vocatis
1792 391 1928 426 quorum

1194 436 1331 476 interest,
1349 435 1618 480 exprimendoque
1642 435 1673 468 in
1693 435 1753 468 illis
1778 445 1852 468 vero
1875 445 1929 467 va-

1194 489 1276 531 lore,
1301 500 1422 523 necnon
1447 489 1484 522 de
1508 488 1695 533 praestando
1720 498 1874 522 consensu
1898 487 1930 521 in

1194 542 1417 585 pensionibus,
1453 553 1508 576 seu
1546 542 1670 575 illarum
1708 541 1930 582 reservatione,

1194 595 1324 638 aliisque
1342 595 1457 629 nostris
1482 600 1512 628 ct
1531 594 1736 628 cancellariae
1753 594 1930 639 praedictae

1196 648 1322 691 regulis,
1349 654 1409 681 tam
1435 649 1585 682 hactenus
1611 648 1701 681 editis
1717 658 1810 692 quam
1826 648 1856 681 in
1873 657 1931 692 po-

1195 706 1312 734 sterum
1339 701 1600 745 quandocumque
1625 701 1764 742 edendis,
1782 711 1818 734 ac
1842 701 1931 734 Late-

1197 755 1336 788 ranensis
1355 755 1483 789 Concilii
1500 754 1669 788 novissime
1684 754 1833 788 celebrati
1846 755 1933 788 unio-

1195 818 1249 841 nes
1285 813 1454 852 perpetuas
1488 808 1547 841 nisi
1584 808 1614 840 in
1649 808 1772 841 casibus
1807 818 1825 841 a
1862 807 1931 841 iure

1196 862 1352 906 expressis
1376 862 1444 895 sieri
1466 862 1680 906 prohibendis,
1706 861 1836 905 aliisque
1859 871 1932 905 apo-

1196 915 1329 958 stolicis,
1355 926 1390 949 ac
1414 915 1444 948 in
1477 915 1705 949 universalibus
1734 915 1932 959 provinciali-

1196 967 1316 1011 busque
1341 974 1370 1001 et
1384 968 1584 1013 synodalibus
1601 968 1741 1002 conciliis
1759 967 1859 1010 editis,
1881 977 1933 1011 ge-

1195 1021 1354 1054 neralibus
1375 1022 1421 1054 vel
1439 1021 1636 1065 specialibus,
1658 1021 1932 1055 constitutionibus

1197 1078 1225 1108 et
1242 1074 1502 1115 ordinationibus,
1519 1085 1642 1108 necnon
1659 1084 1932 1118 quorumcumque

1197 1132 1380 1161 testatorum
1416 1128 1508 1161 etiarn
1546 1128 1663 1161 ultimis
1699 1127 1932 1169 voluntatibus,

1196 1191 1272 1224 quas
1297 1180 1399 1224 quoad
1424 1181 1597 1225 praemissa
1622 1180 1810 1214 sufficienter
1830 1185 1860 1213 et
1883 1191 1933 1213 ex—

1196 1244 1302 1276 presse
1338 1239 1590 1276 commutamus,
1622 1244 1658 1267 ac
1697 1233 1931 1277 praedictorum

1196 1286 1320 1320 Ordinis
1347 1287 1612 1330 congregationis,
1639 1291 1859 1329 conventuum,
1887 1297 1934 1320 eo-

1197 1341 1365 1373 clesiarum
1395 1346 1424 1373 et
1456 1341 1637 1382 seminarii,
1667 1341 1772 1374 aliisve
1796 1341 1930 1385 quibus-

1198 1393 1259 1433 vis,
1285 1398 1353 1434 etc.,
1378 1393 1495 1426 eisdem
1521 1393 1648 1436 Ordini,
1679 1393 1933 1437 congregationi,

1198 1447 1412 1487 conventibus,
1437 1447 1576 1480 ecclesiis
1603 1452 1634 1480 et
1660 1447 1838 1490 seminario,
1864 1446 1934 1481 illo-

1198 1510 1331 1543 rumque
1356 1500 1592 1543 superioribus,
1617 1500 1934 1542 administratoribus,

1198 1553 1346 1586 fratribus
1364 1559 1393 1586 et
1409 1553 1552 1597 personis
1572 1553 1772 1598 quibuslibet,
1792 1554 1849 1587 sub
1866 1554 1935 1598 qui-

1199 1607 1393 1651 buscumque
1425 1607 1594 1641 verborum
1624 1608 1787 1641 tenoribus
1818 1612 1848 1640 et
1875 1607 1936 1641 for-

1198 1660 1275 1701 mis,
1303 1671 1339 1693 ac
1368 1671 1438 1693 curn
1464 1660 1625 1704 quibusvis
1651 1660 1742 1693 etiam
1767 1660 1935 1703 derogato-

1199 1713 1317 1746 riarum
1342 1713 1567 1757 derogatoriis,
1597 1713 1727 1757 aliisque
1751 1712 1935 1747 efficaciori-

1197 1766 1275 1807 bus,
1306 1771 1379 1808 etc.,
1412 1767 1504 1799 etiam
1535 1771 1622 1799 motu
1652 1766 1799 1810 proprio,
1831 1771 1862 1799 et
1895 1766 1934 1800 de

1196 1821 1384 1864 apostolicae
1408 1820 1571 1864 potestatis
1589 1820 1793 1864 plenitudine,
1812 1830 1847 1854 ac
1864 1830 1935 1855 con·

1196 1873 1401 1916 sistorialiter,
1422 1879 1451 1907 et
1468 1874 1543 1906 alias
1560 1873 1798 1918 quomodolibet
1815 1874 1846 1907 in
1863 1884 1935 1907 con-

1198 1927 1327 1960 trarium
1352 1926 1598 1971 praemissorum
1627 1927 1793 1969 concessis,
1818 1927 1934 1961 confir—

1198 1980 1288 2013 matis
1312 1986 1341 2013 et
1365 1980 1485 2024 pluries
1510 1980 1679 2021 innovatis;

1241 2034 1255 2077 ἓ
1281 2033 1292 2066 ‘l
1305 2034 1331 2066 l.
1356 2033 1475 2073 Quibus
1500 2034 1647 2067 omnibus
1675 2039 1704 2067 et
1728 2034 1869 2077 singulis,
1895 2044 1930 2067 e-

1198 2086 1300 2119 tiamsi
1324 2097 1382 2131 pro
1401 2087 1527 2120 illorum
1546 2087 1712 2120 sufficienti
1729 2087 1934 2131 derogatione

1196 2138 1234 2172 de
1260 2139 1321 2172 illis
1346 2150 1521 2184 eorumque
1540 2139 1611 2172 totis
1631 2140 1793 2173 tenoribus
1818 2140 1935 2184 specia-

1198 2192 1244 2233 lis,
1261 2197 1330 2233 etc.,
1350 2192 1466 2226 mentio
1481 2203 1535 2226 seu
1549 2193 1677 2236 quaevis
1694 2193 1753 2225 alia
1773 2192 1933 2237 expressio

1196 2245 1336 2278 facienda
1361 2251 1413 2278 aut
1437 2245 1541 2290 aliqua
1565 2246 1625 2279 alia
1650 2246 1802 2291 exquisita
1832 2246 1935 2280 forma

1196 2299 1233 2332 ad
1259 2299 1319 2333 hoc
1343 2299 1494 2332 servanda
1519 2299 1615 2341 soret,
1641 2300 1766 2333 illorum
1793 2300 1935 2334 omnium

1196 2357 1226 2385 et
1250 2353 1447 2396 singulorum
1473 2358 1608 2394 tenores,
1633 2358 1702 2394 etc.,
1725 2353 1762 2386 ad
1785 2354 1935 2398 praemis-

1196 2416 1303 2439 sorum
1336 2406 1480 2440 effectum
1514 2406 1692 2450 specialiter
1728 2411 1758 2441 et
1786 2417 1934 2451 expresse

1195 2459 1394 2501 derogamus,
1415 2460 1589 2504 ceterisque
1614 2459 1779 2493 contrariis
1803 2459 1934 2504 quibus-

1195 2523 1337 2555 cumque.

1239 2566 1348 2598 Datum
1372 2567 1502 2608 Romae,
1521 2566 1603 2610 apud
1635 2567 1664 2599 S.
1690 2565 1816 2599 Mariani
1842 2566 1933 2599 Maio-

1937 175 1985 202 Αη.
2007 174 2035 202 C.
2057 175 2122 204 ¹659

2227 3083 2243 3205 Ἡ
