2185 3188
14 168 72 196 ,Am
87 166 116 194 C.
137 164 205 193 1656

11 1570 17 1579 «¹
65 1556 155 1578 Amlam
166 1562 216 1578 nun-

42 1583 73 1614 ,⁶³⁰
107 1583 216 1614 acuitatem

43 1613 159 1637 impertitur.

195 1630 199 1633 .
232 1603 304 1636 stris
336 1603 447 1637 litteris
479 1603 616 1648 deputati
649 1604 765 1637 suerint
789 1609 973 1638 executores

823 159 1010 185 ALEXANDER
1031 160 1076 185 vn
1099 161 1147 185 1³1³.

217 211 289 245 fidei
310 215 470 255 tamquam
495 210 671 245 haereticas
696 210 862 251 damnavit,
881 220 954 242 eon-

219 270 317 298 tentas
330 264 597 305 confirmavimus,
611 264 856 308 approbavimus
874 268 901 295 et
918 263 960 295 in-

218 318 410 358 novavimus,
427 323 457 350 et
473 318 611 362 quinque
625 317 858 362 propositiones
873 326 960 360 prae-

220 371 295 403 t‘atas
308 381 344 404 ex
367 371 448 404 libro
470 371 714 415 praememorati
735 370 870 404 Cornelii
896 370 961 402 Ian-

219 425 295 458 senii
311 425 448 468 episcopi
466 425 612 469 iprensis,
630 425 679 458 cni
698 424 806 457 titulus
824 428 869 456 est
890 424 960 457 Au-

219 479 381 522 9ustinu3,
399 483 573 521 excerptas,
595 481 624 511 et
641 478 671 510 in
686 488 777 510 sensu
794 477 832 510 ab
851 476 960 509 eodem

220 530 363 564 Cornelio
380 531 522 564 lansenio
539 531 658 564 intento
677 530 838 563 damnatas
866 529 962 562 fuisse

221 585 449 618 declaravimus
475 590 504 617 et
528 584 738 623 definivimus,
764 588 793 616 et
814 583 857 615 nti
877 583 962 623 tales,

221 638 323 672 inusta
348 638 466 672 scilicet
491 638 599 671 eadem
627 637 758 680 singulis
788 638 863 670 nota
884 647 963 680 quae

223 692 253 725 in
281 691 440 735 praedicta
475 691 686 724 declaratione
719 696 747 724 et
783 690 964 723 definitione.

223 744 391 788 unicuique
416 744 540 777 illarum
567 744 726 787 sigillatim
749 744 895 783 inuritur,
925 744 965 776 ita

223 799 335 832 iterum
362 798 589 839 damnavimus,
615 810 650 831 ae
676 798 821 832 eumdem
848 798 964 830 librum

223 852 391 896 saepedicti
423 852 557 885 Cornelii
592 852 747 894 Iansenii,
779 852 828 885 eui
858 852 966 884 titulus

223 906 440 950 Auqustinus,
466 916 637 949 omnesque
664 906 751 946 alios,
778 910 838 939 tam
862 916 966 938 manu-

225 959 377 1003 scriptos,
404 970 496 1003 quam
532 959 610 1004 typis
643 959 752 1000 editos,
778 965 807 992 et
839 960 863 992 si
889 969 967 1003 quos

225 1014 305 1046 sorte
331 1013 360 1046 in
380 1019 541 1057 posterum
563 1013 611 1046 edi
631 1013 836 1056 contingeret,
855 1013 885 1045 in
902 1013 968 1056 qui-

225 1066 284 1100 bus
308 1066 469 1110 praedicta
500 1066 639 1099 eiusdem
673 1066 806 1100 Cornelii
836 1066 968 1099 Iansenii

226 1119 380 1160 doctrina,
394 1125 426 1152 ut.
441 1130 547 1164 supra,
562 1119 706 1152 damnata
719 1119 906 1159 defenditur,
923 1120 967 1152 vel

227 1172 408 1215 adstruitur,
430 1178 482 1206 aut
503 1173 735 1214 defenderetur,
760 1174 807 1206 vel
832 1173 970 1206 adstrue-

228 1231 325 1268 retnr‚
339 1227 555 1260 damnavimus
570 1227 676 1260 itidem
691 1232 719 1260 et
738 1227 969 1271 prohibuimus,

228 1285 258 1313 et
281 1280 356 1314 alias
377 1286 471 1325 prout
494 1281 624 1314 uberius
649 1281 828 1314 continetur
857 1281 887 1313 in
914 1291 969 1314 no-

229 1334 301 1368 stris
337 1335 473 1379 desuper
509 1345 575 1368 xvn
612 1334 760 1367 kalendas
789 1335 971 1368 novembris

229 1388 402 1432 praesentis
426 1389 498 1421 anni
524 1398 641 1422 nnchi
672 1388 824 1432 expeditis
847 1388 971 1429 titteris,

230 1452 362 1486 quarum
390 1447 530 1475 tenorem
553 1442 771 1485 praesentibus
796 1442 904 1475 baberi
924 1453 972 1475 vo-

231 1496 334 1528 lumus
357 1506 417 1539 pro
442 1505 601 1539 expresso.

276 1549 291 1593 ς
316 1549 344 1582 Ξ.
370 1549 517 1588 Quamvis
542 1554 645 1584 autem
673 1551 701 1582 in
726 1550 895 1594 praedictis
920 1561 973 1583 no-

234 1656 428 1690 venerabiles
453 1657 564 1690 fratres
589 1658 798 1701 patriarchae,
812 1658 973 1702 primates,

233 1710 477 1754 metropolitani,
491 1710 732 1754 archiepiscopi,
743 1711 891 1754 episcopi,
909 1711 975 1743 alii-

234 1773 294 1807 que
310 1763 453 1797 locorum
473 1763 641 1801 Ordinarii,
662 1774 784 1797 necnon
799 1764 975 1798 haereticae

233 1817 394 1860 pravitatis
419 1817 620 1861 inquisitores
646 1821 674 1851 et
693 1817 810 1851 iudices
835 1818 977 1851 eeclesia-

235 1869 302 1903 stici
328 1870 365 1903 ad
391 1881 470 1914 quos
495 1871 647 1914 pertinet,
669 1871 740 1915 quia
762 1877 866 1904 tamen
891 1883 978 1916 prae—

235 1923 329 1957 missa
352 1924 475 1957 debitae
500 1924 675 1958 executioni
694 1925 879 1969 praesertim
897 1926 978 1958 intra

235 1976 313 2011 fines
338 1977 426 2011 istius
446 1978 649 2011 nunciaturae
675 1979 866 2023 apostolicae
880 1979 976 2023 Belgii

237 2031 412 2065 accuratius
427 2031 649 2064 demandatum
673 2032 708 2064 iri
736 2032 935 2074 rontidimus,
953 2033 978 2066 si

240 2089 270 2117 et
294 2084 349 2118 tibi
375 2084 426 2128 qui
452 2085 489 2118 ad
514 2085 724 2118 exercendum
751 2087 977 2120 contentiosam

237 2137 484 2172 iurisdictionem
505 2138 644 2172 eiusdem
670 2139 873 2173 nunciaturae
890 2151 907 2173 a
924 2151 980 2174 no—

239 2190 286 2224 bis
301 2191 467 2236 deputatus
488 2202 530 2232 es,
548 2192 688 2226 executio
705 2193 883 2227 huiusmodi
899 2205 982 2227 com—

241 2244 399 2278 mittatur:
425 2250 603 2289 propterea‚
625 2251 710 2279 motu
735 2246 878 2290 proprio,
896 2250 926 2280 et
945 2257 980 2280 ex

242 2299 326 2331 certa
350 2297 478 2331 scicntia
505 2300 622 2339 nostra,
643 2299 696 2331 tibi
723 2310 779 2343 per
802 2305 982 2343 praesentes

243 2351 469 2384 committimus
503 2356 531 2383 et
562 2351 766 2393 mandamus,
791 2357 841 2392 ut,
867 2353 981 2385 nedum

244 2404 275 2437 in
299 2404 452 2439 defectum
482 2415 536 2438 seu
555 2405 583 2437 in
602 2411 749 2439 eventum
775 2406 983 2449 negligentiae

245 2457 476 2501 praedictorum
493 2463 695 2491 executoruin
713 2464 767 2491 aut
787 2459 918 2492 alicuius
937 2470 984 2493 eo-

246 2522 327 2552 rum,
351 2512 405 2545 sed
430 2522 528 2555 aeque
553 2512 778 2556 principaliter,
800 2518 829 2546 et
854 2513 984 2557 perinde

247 2574 281 2598 ac
296 2565 319 2598 si
338 2571 369 2599 tu
387 2565 546 2609 speciatim
567 2565 595 2598 in
611 2565 779 2609 praedietis
796 2566 906 2600 litteris
924 2568 984 2599 una
1003 2588 1005 2611 t

1640 151 1698 184 ε351

992 219 1062 241 eum
1089 209 1157 241 aliis
1182 208 1307 242 illarum
1334 214 1483 242 executor
1507 208 1685 242 nominatus
1706 214 1736 241 et

992 261 1158 305 deputatus
1182 262 1302 302 fuisses,
1321 262 1350 294 in
1372 262 1401 294 id
1420 262 1529 295 sedulo
1562 261 1736 302 incumbas,

993 315 1071 347 utin
1096 325 1297 358 quocumque
1322 316 1392 349 loeo
1425 316 1483 348 sub
1520 315 1737 348 iurisdictione

994 368 1095 401 dietae
1120 369 1324 402 nunciaturae
1350 369 1578 412 comprehenso
1610 368 1738 402 eaedem

995 422 1116 455 litterae
1135 433 1205 455 eum
1224 422 1371 455 (annilius
1390 428 1419 455 et
1437 422 1567 465 singulis
1585 422 1740 455 contentis

997 475 1026 506 in
1046 476 1105 507 illis
1123 475 1245 508 debitae
1263 476 1439 509 executioni
1454 475 1692 518 demandentur,
1711 480 1741 508 et

998 529 1121 561 illarum
1149 533 1398 571 transgressores
1426 529 1535 572 poenis
1552 535 1579 561 et
1599 529 1741 562 censuris

999 583 1027 615 in
1054 582 1144 615 dietis
1166 582 1276 616 litteris
1302 583 1454 615 contentis
1480 583 1670 626 puniantur,
1695 583 1741 614 in-

999 642 1109 670 vocato
1135 637 1239 677 etiam,
1255 642 1407 679 quatenus
1433 647 1511 680 opus
1538 637 1638 677 t'uerit,
1657 637 1743 669 auxi-

999 691 1040 723 lio
1070 690 1192 739 brachii
1223 690 1382 724 secularis.
1409 690 1510 734 Super
1543 690 1657 733 quibus
1686 700 1743 724 nos

1000 745 1054 777 tibi
1078 745 1203 788 plenam
1223 751 1251 778 et
1277 745 1407 777 liberam
1427 755 1461 777 ae
1482 745 1620 788 amplam
1639 748 1668 777 et
1694 754 1744 778 ne—

1000 798 1167 831 cessariam
1202 798 1438 842 quomodolibet
1474 801 1502 831 et
1531 802 1744 841 opportunam

1001 852 1203 886 concedimus
1222 853 1411 886 facultatem.

1046 905 1113 949 §3
1139 906 1206 938 Non
1237 905 1434 939 obstantibus
1466 905 1651 938 recolendae
1680 916 1746 937 rne-

1003 960 1120 992 moriae
1146 959 1294 992 Bonisacii
1315 958 1414 1002 Papae
1441 958 1502 990 Ylll
1528 958 1746 1002 praedeeesso-

1002 1013 1045 1045 ris
1070 1013 1188 1056 pariter
1212 1012 1310 1045 nostri
1336 1012 1373 1045 de
1400 1014 1469 1054 una,
1489 1017 1519 1045 et
1540 1011 1664 1045 concilii
1690 1022 1745 1054 ge-

1001 1067 1117 1100 neralis
1142 1066 1180 1099 de
1205 1066 1326 1099 duabus
1349 1066 1450 1107 dietis,
1477 1066 1607 1109 aliisque
1632 1065 1747 1099 consti-

1005 1120 1176 1153 tutionibus
1208 1124 1238 1154 et
1266 1119 1516 1153 ordinationibus
1544 1119 1746 1163 apostolicis,

1004 1175 1096 1207 etiam
1131 1173 1376 1214 conciliarihus,
1404 1184 1527 1207 necnon
1564 1172 1747 1217 quibusvis,

1005 1228 1096 1261 etiam
1112 1228 1300 1268 iuramento,
1312 1227 1552 1260 confirmatione
1565 1226 1748 1270 apostoliea,

1006 1281 1051 1314 vel
1077 1281 1185 1325 quavis
1212 1281 1359 1314 firmitate
1380 1281 1440 1313 alia
1467 1280 1633 1321 roboratis,
1651 1284 1748 1312 statu-

1006 1335 1044 1368 tis
1068 1341 1098 1368 et
1123 1334 1414 1375 consuetmlinibus,
1436 1334 1528 1367 etiam
1551 1333 1749 1369 immemora-

1005 1389 1130 1430 bilibus,
1150 1388 1325 1432 privilegiis
1346 1398 1481 1432 quoque,
1507 1387 1635 1421 indultis
1653 1392 1683 1420 et
1702 1387 1751 1419 lit-

1007 1443 1081 1475 teris
1106 1442 1286 1486 apostolieis
1308 1442 1338 1474 in
1355 1441 1549 1475 contrarium
1566 1440 1751 1485 praemisso-

1007 1507 1075 1529 rum
1102 1496 1341 1540 quomodolibet
1365 1495 1533 1536 concessis,
1558 1494 1752 1528 confirmatis

1007 1554 1037 1582 et
1062 1549 1233 1587 innovatis;
1259 1548 1372 1592 quibus
1397 1548 1542 1581 omnibus
1561 1553 1590 1581 et
1611 1548 1752 1591 singulis,

1008 1603 1133 1635 illorum
1160 1608 1285 1635 tenores
1316 1601 1535 1646 praesentibus
1566 1612 1624 1645 pro
1660 1601 1753 1645 plene

1009 1661 1037 1689 et
1063 1655 1255 1688 sufficienter
1290 1655 1447 1699 expressis
1471 1665 1506 1687 ac
1532 1654 1570 1687 de
1594 1654 1691 1687 verbo
1715 1653 1752 1686 ad

1011 1709 1141 1742 verbum
1164 1708 1289 1741 insertis
1306 1708 1467 1750 babentes,
1486 1708 1545 1741 illis
1558 1708 1633 1740 alias
1649 1707 1678 1740 in
1696 1718 1753 1741 suo

1011 1763 1126 1797 robore
1143 1763 1371 1807 permansuris,
1390 1763 1426 1795 ad
1448 1762 1695 1806 praemissorum
1714 1762 1754 1795 ef-

1010 1818 1135 1858 fectum,
1161 1817 1220 1850 hac
1242 1817 1308 1850 viee
1325 1817 1495 1858 dumtaxat,
1521 1816 1700 1860 specialiter
1725 1820 1755 1848 et

1012 1881 1158 1915 expresse
1175 1871 1379 1914 derogamuffi
1399 1871 1574 1914 ceterisque
1588 1869 1755 1903 contrariis

1011 1925 1275 1969 quibuscumque.

1055 1979 1168 2012 Datum
1198 1979 1325 2019 Romae,
1353 1978 1437 2022 apud
1458 1979 1487 2011 S.
1509 1977 1637 2010 Mariam
1663 1978 1756 2010 Maio-

1013 2043 1090 2074 rem,
1100 2033 1158 2066 sub
1171 2032 1286 2066 annulo
1294 2032 1472 2074 piscatoris,
1483 2032 1533 2064 die
1547 2041 1755 2065 xxlvnovem-

1013 2086 1077 2119 bris
1096 2096 1222 2128 MDCLvt,
1245 2085 1449 2129 pontificatus
1470 2085 1569 2118 nostri
1594 2095 1676 2118 anno
1702 2095 1732 2117 n.

1050 2148 1107 2175 Dat.
1125 2147 1168 2175 die
1187 2148 1220 2174 ΞΛ
1237 2147 1396 2175 novembris
1416 2147 1491 2182 1656,
1510 2147 1604 2182 pontif.
1622 2155 1691 2175 anno
1708 2155 1737 2173 tt.

1338 2274 1434 2307 CXLI.

1019 2353 1243 2388 Convalrctatio
1268 2355 1416 2388 omm'ztm
1450 2364 1608 2387 >terarum
1635 2353 1758 2387 eleccio-

1061 2418 1141 2440 mtm
1163 2407 1382 2450 praelatorum
1405 2407 1438 2439 in
1456 2407 1523 2439 rim
1541 2407 1759 2449 confirmatio—

1062 2461 1310 2503 nttmfaclarum
1327 2459 1460 2493 Ordinis
1477 2461 1618 2503 fratrum
1638 2461 1760 2494 Discal-

1063 2519 1223 2548 centorum
1250 2518 1513 2557 nuncupatorum
1532 2514 1563 2547 S.
1584 2515 1710 2548 Mariae
1723 2515 1760 2548 de

1063 2568 1203 2601 Mercede
1235 2567 1472 2611 Redemqm'om's
1493 2567 1712 2611 Captivorum,
1731 2573 1760 2604 el

1750 159 1799 187 An.
1820 159 1848 187 C.
1868 160 1934 187 1656

1833 916 1946 942 Dei-ugano

1763 944 1923 965 contrmiorum.
