2202 3190
231 185 279 208 An.
301 183 328 208 G.
353 182 416 209 1061

280 1140 356 1159 Contra
376 1139 422 1158 iuo-

238 1167 348 1186 bedieutes
372 1171 422 1192 pue-

238 1198 285 1213 nae.

275 2302 388 2323 Contrariis
400 2302 435 2322 de·

252 2330 319 2353 rogat.

428 228 619 273 impugnari,
644 227 817 268 invalidari‚
843 226 981 270 infringi,
1002 227 1033 260 in
1053 227 1100 260 ius
1121 227 1167 260 vel

429 281 675 314 controversiam
701 280 854 321 revocari,
872 285 925 312 aut
949 280 1006 313 sub
1024 281 1095 313 ullis
1113 291 1165 313 re-

430 333 656 373 vocationibus,
680 332 949 376 suspensionibus,
977 332 1167 366 reductioni-

429 387 505 426 bus,
531 386 769 420 limitationibus
799 390 852 418 aut
883 386 1170 420 modificationibus

431 438 656 482 comprehendi
683 439 812 471 minime
836 449 947 482 posse,
973 439 1032 472 nisi
1058 439 1095 472 de
1120 449 1170 472 ea-

432 492 575 525 rumdem
591 492 803 536 praesentium
819 496 883 526 toto
900 497 1008 526 tenore
1029 492 1172 536 specialis

432 551 462 578 et
481 546 518 578 ad
540 545 668 578 verbum
695 555 841 589 expressa
866 545 982 578 mentio
1002 546 1083 578 sacta
1100 546 1168 577 sue-

432 598 490 638 rit;
516 598 621 642 sicque
646 608 702 641 per
734 608 951 642 quoscumque
984 598 1101 631 iudices
1126 608 1173 631 or-

433 651 571 684 dinarios
604 656 634 684 et
670 651 850 693 delegatos,
883 651 974 684 etiam
1008 660 1172 684 causarum

434 704 539 747 palatii
559 704 722 748 apostolici
747 704 915 744 auditores,
941 715 976 737 ae
1000 704 1098 747 ipsius
1124 714 1173 736 ca-

435 768 541 789 merae
553 757 742 800 apostolicae
755 756 969 800 praesidentes
988 762 1017 789 et
1032 756 1174 797 clericos,

434 821 471 842 ac
486 810 515 843 S.
533 810 567 842 R.
587 810 620 842 E.
638 810 858 849 camerarium,
880 809 1175 852 thesaurariumque

434 863 649 906 praedictum,
675 868 705 896 et
728 863 805 896 alios
826 862 925 897 dietae
950 873 1094 895 camerae
1119 862 1175 895 mi-

435 915 573 956 nistros,
605 916 727 948 sublata
762 915 806 948 eis
842 920 872 947 et
908 926 1017 948 eorum
1048 915 1176 948 cuilibet

435 968 544 1012 quavis
568 968 658 1001 aliter
691 967 847 1000 iudicandi
883 973 913 1000 et
949 967 1175 1012 interpretandi

436 1021 581 1054 facultate
596 1027 625 1054 et
639 1019 855 1062 auctoritate¹,
873 1021 1008 1054 scienter
1027 1022 1074 1054 vel
1092 1021 1177 1064 igno-

437 1079 553 1114 ranter,
579 1074 745 1116 contigerit
769 1074 922 1106 attentari.

482 1127 497 1170 g
528 1126 556 1159 8.
588 1126 740 1166 Quocirca
773 1126 895 1159 dilectis
919 1127 992 1159 filiis
1016 1131 1123 1161 nostro
1147 1133 1178 1161 et

439 1180 468 1212 S.
494 1180 527 1212 R.
553 1179 585 1212 E.
612 1179 786 1212 camerario
806 1190 842 1212 ac
867 1180 1063 1213 thesaurario
1088 1190 1178 1223 gene-

439 1233 496 1265 rali
521 1232 680 1276 praedicto
705 1242 741 1266 ac
758 1243 923 1266 causarum
954 1233 1060 1266 curiae
1079 1245 1179 1267 came-

438 1297 492 1319 rae
539 1286 728 1330 apostolicae
769 1286 908 1329 generali
947 1286 1081 1320 auditori
1122 1299 1178 1331 per

438 1343 618 1383 praesentes
650 1339 876 1372 committimus
910 1343 940 1373 el
972 1339 1177 1381 mandamus,

438 1398 592 1436 quatenus
616 1392 686 1436 ipsi,
708 1392 754 1425 vel
778 1392 851 1433 duo,
876 1397 928 1424 aut
953 1403 1031 1425 unus
1057 1403 1177 1434 eorum,

439 1457 496 1489 per
520 1456 562 1486 se,
582 1446 627 1478 vel
648 1445 756 1485 alium,
776 1456 831 1478 seu
848 1446 935 1487 alios,
952 1446 1077 1479 easdem
1092 1457 1178 1490 prae-

439 1504 541 1532 sentes
572 1503 602 1531 et
637 1498 667 1530 in
703 1498 747 1531 eis
782 1503 927 1532 contenta
959 1510 1176 1543 quaecumque

439 1551 619 1585 solemniter
643 1551 856 1595 publicantes,
882 1562 917 1585 ac
942 1552 974 1584 in
997 1552 1178 1596 praemissis

439 1605 584 1638 omnibus
608 1610 638 1637 et
663 1603 792 1647 siugulis
820 1604 954 1637 efficacis
988 1604 1177 1638 desensionis

440 1658 597 1702 praesidio
625 1658 820 1700 assistentes,
852 1659 966 1692 saciant
994 1659 1180 1693 auctoritate

440 1713 548 1745 nostra
584 1711 759 1754 praemissa
791 1711 896 1744 omnia
932 1717 962 1744 et
995 1712 1119 1755 singula
1149 1713 1179 1745 in

440 1765 658 1809 praesentibus
683 1775 847 1808 expressa,
873 1769 903 1799 et
926 1765 1051 1798 illarum
1073 1767 1181 1809 vigore

442 1817 582 1850 facienda
593 1828 821 1861 quaecumque,
831 1817 869 1850 ab
880 1818 1038 1859 omnibus,
1052 1818 1090 1851 ad
1103 1830 1182 1862 quos

442 1876 570 1915 spectat,
586 1871 807 1904 inviolabiliter
831 1871 1009 1912 observari,
1030 1873 1183 1905 contradi-

444 1929 547 1957 ctores
572 1924 727 1967 quoslibet
743 1929 773 1956 et
790 1923 932 1964 rebelles,
949 1934 984 1958 ac
1001 1925 1183 1968 praemissis

444 1986 506 2008 non
532 1981 686 2019 paream,
703 1986 759 2018 per
776 1985 924 2008 censuras
948 1979 978 2009 et
1002 1986 1118 2019 poenas
1139 1987 1185 2009 ec-

446 2029 643 2069 clesiasticas,
658 2028 780 2072 aliaque
794 2029 1055 2072 opportunaiuris
1070 2035 1098 2062 et
1112 2030 1182 2063 sacti

446 2081 595 2121 remedia,
609 2081 693 2114 omni
709 2086 739 2114 et
749 2091 947 2125 quacumque
963 2082 1183 2126 appellatione,

447 2135 669 2168 reclamatione
687 2140 717 2167 et
734 2145 865 2168 recursu
889 2135 1082 2179 postpositis,
1103 2147 1185 2169 com-

447 2188 614 2232 pescendo,
639 2188 781 2221 invocato
801 2188 894 2221 etiam
915 2188 953 2221 ad
974 2189 1043 2231 hoc,
1061 2189 1085 2222 si
1107 2200 1185 2234 opus

448 2240 552 2281 suerit,
577 2240 693 2273 auxilio
718 2240 838 2274 brachii
864 2241 1022 2274 secularis.

494 2293 554 2336 ἓξ).
580 2294 647 2326 Non
672 2293 867 2326 obstantibus
891 2293 1053 2337 quibusvis
1077 2294 1187 2327 consti·

451 2347 623 2379 tutionibus
652 2352 681 2379 et
708 2346 957 2380 ordinationibus
987 2348 1186 2391 apostolicis,

450 2400 633 2442 praesertim
649 2400 745 2432 felicis
760 2400 986 2434 recordationis
998 2401 1186 2446 Symmachi,

451 2453 535 2485 Pauli
561 2453 595 2493 ll,
621 2453 706 2486 Pauli
732 2454 780 2495 IV,
805 2454 849 2487 Pii
869 2455 904 2496 V,
919 2460 949 2488 et
962 2455 1095 2488 aliorum
1113 2466 1188 2499 quo-

488 2525 498 2549 1
526 2524 628 2550 Desunt
654 2525 782 2552 iudicari
808 2525 931 2559 debere,
956 2534 990 2553 ac
1013 2526 1136 2554 irritum
1162 2530 1205 2564 el¹

452 2567 558 2601 inane,
579 2568 603 2593 si
621 2576 709 2602 secus,
731 2573 781 2596 etc.
803 2574 840 2604 (tt.
856 2571 904 2602 ’τ.).

1015 180 1189 204 BULLMUUM
1217 179 1371 203 ROMAMJM

1201 235 1409 269 rumeumque
1423 226 1636 259 Romanorum
1651 227 1836 261 Pontificum
1850 238 1938 272 prae-

1202 279 1402 312 decessorum
1420 283 1603 312 nostrorum
1620 279 1658 312 de
1675 279 1769 313 rebus
1781 280 1937 315 Ecclesiae

1203 342 1266 365 non
1290 332 1472 372 alienandis,
1501 332 1684 365 earumdem
1708 342 1833 375 quoque
1858 343 1935 366 con-

1203 384 1434 428 gregationum,
1459 389 1488 417 et
1512 384 1679 418 cuiuslibet
1702 395 1821 425 earum,
1839 395 1941 418 mona-

1204 438 1436 481 steriorumque
1449 437 1655 481 singularium
1665 438 1674 447 ⁶
1689 437 1811 471 statutis
1829 443 1859 470 et
1871 448 1942 471 con-

1204 491 1433 531 suetudinibus,
1457 491 1550 524 etiarn
1576 491 1752 524 iuramento
1771 491 1817 524 vel
1833 491 1942 534 quavis

1205 544 1352 577 firmitate
1376 544 1434 577 alia
1460 543 1655 587 roboratis,¹
1681 544 1802 578 statutis
1818 549 1849 577 et
1868 554 1942 577 con-

1206 597 1433 637 suetudinibus,
1451 597 1544 630 etiam
1571 597 1756 638 iuramento,
1775 597 1944 630 confirma-

1207 649 1290 683 tione
1309 649 1481 693 apostolica
1508 650 1553 682 vel
1578 649 1687 693 quavis
1711 649 1860 682 firmitate
1884 649 1944 682 alia

1207 703 1375 744 roboratis,
1399 703 1572 747 privilegiis
1600 713 1735 747 quoque,
1761 703 1889 736 indultis
1916 706 1946 737 et

1207 756 1318 789 litteris
1344 757 1523 800 apostolicis
1548 756 1640 789 etiam
1672 757 1702 789 in
1733 756 1792 789 vim
1815 761 1942 789 contra-

1208 814 1286 849 ctus,
1300 815 1352 842 aut
1370 813 1457 843 motu
1470 810 1610 853 proprio,
1625 810 1674 842 vel
1688 809 1946 842 consistorialiter

1209 861 1325 894 eisdem
1351 862 1658 905 congregationibus,
1684 862 1870 905 illarumque
1895 872 1948 895 su-

1210 914 1386 958 perioribus
1403 919 1433 947 et
1451 915 1605 958 personis,
1620 913 1678 948 sub
1696 914 1948 958 quibuscumque

1209 967 1371 1000 tenoribus
1386 972 1415 1000 et
1428 967 1546 1009 formis,
1566 967 1657 1000 etiam
1676 967 1948 1010 derogatoriarum

1209 1019 1435 1062 derogatoriis‚
1458 1020 1590 1063 aliisque
1615 1020 1848 1053 efficacioribus*
1861 1025 1891 1053 et
1907 1019 1949 1052 in-

1210 1073 1308 1106 solitis
1340 1073 1507 1116 clausulis,
1536 1084 1659 1107 necnon
1690 1073 1885 1107 irritantibus
1913 1084 1948 1107 ac

1211 1127 1279 1160 aliis
1303 1126 1448 1168 decretis,
1465 1127 1496 1159 in
1519 1137 1635 1170 genere
1656 1127 1702 1160 vel
1727 1127 1758 1160 in
1783 1127 1896 1171 specie,
1913 1138 1950 1161 ac

1210 1179 1285 1212 alias
1310 1179 1341 1212 in
1365 1179 1557 1213 contrarium
1587 1180 1833 1223 praemissorum
1865 1191 1947 1224 quo-

1213 1232 1384 1266 modolibet
1411 1233 1576 1275 concessis,
1608 1233 1805 1276 approbatiS‚
1836 1233 1950 1267 confir-

1213 1286 1303 1318 matis
1334 1290 1363 1318 et
1394 1285 1571 1326 innovatis;
1604 1286 1717 1329 quibus
1746 1286 1893 1320 omnibus
1922 1292 1953 1320 et

1213 1339 1367 1382 singulis,
1399 1339 1520 1372 etiamsi
1555 1350 1613 1383 pro
1645 1339 1810 1373 sufficienti
1841 1350 1952 1373 eorum

1212 1392 1419 1435 derogatione
1443 1392 1482 1425 de
1506 1392 1567 1425 illis
1600 1403 1774 1437 eorumque
1799 1393 1871 1426 totis
1906 1398 1950 1426 te-

1211 1446 1344 1479 noribus
1367 1446 1530 1489 specialis,
1556 1446 1701 1490 specifica
1732 1451 1762 1480 et
1794 1457 1952 1490 expressa,

1212 1509 1247 1532 ac
1272 1499 1310 1532 de
1336 1499 1430 1532 verbo
1454 1499 1492 1532 ad
1517 1499 1658 1540 verbum,
1682 1510 1745 1533 non
1769 1503 1872 1533 autem
1897 1510 1954 1544 per

1213 1552 1367 1585 clausulas
1407 1553 1569 1595 generales
1604 1552 1686 1586 idem
1724 1553 1929 1596 importantes
1945 1580 1954 1595 ‚

1215 1606 1330 1639 mentio
1344 1616 1398 1639 seu
1413 1606 1540 1650 quaevis
1554 1606 1613 1639 alia
1626 1607 1784 1650 expressio
1801 1607 1955 1648 habenda,

1214 1665 1265 1692 aut
1290 1659 1394 1702 aliqua
1419 1659 1479 1692 alia
1511 1660 1663 1703 exquisita
1694 1660 1795 1694 forma
1824 1660 1862 1693 ad
1894 1660 1955 1694 hoc

1215 1712 1367 1745 servanda
1391 1712 1481 1753 soret,
1501 1717 1626 1746 tenores
1651 1713 1847 1755 huiusmodi,
1868 1723 1904 1746 ac
1928 1713 1953 1746 si

1215 1766 1252 1798 de
1266 1765 1362 1799 verbo
1375 1765 1413 1798 ad
1428 1766 1570 1808 verbum,
1587 1766 1665 1798 nihil
1685 1767 1811 1809 penitus
1827 1766 1955 1808 omisso,

1216 1824 1245 1851 et
1269 1819 1371 1852 forma
1396 1819 1426 1852 in
1451 1818 1512 1851 illis
1527 1819 1639 1852 tradita
1658 1819 1833 1860 observata,
1851 1820 1955 1864 expri-

1217 1877 1378 1904 merentur
1414 1877 1444 1905 et
1477 1872 1712 1914 insererentur,
1740 1873 1956 1916 praesentibus

1218 1935 1277 1968 pro
1303 1925 1394 1967 plene
1415 1928 1444 1959 et
1461 1925 1650 1958 sufficienter
1672 1925 1828 1969 expressis
1845 1925 1958 1959 haben-

1218 1984 1272 2018 tes,
1298 1977 1358 2010 illis
1376 1977 1450 2010 alias
1468 1978 1498 2010 in
1523 1988 1579 2011 suo
1601 1978 1715 2012 robore
1732 1978 1956 2022 permansuris,

1217 2031 1254 2064 ad
1271 2031 1517 2074 praemissorum
1535 2031 1690 2074 effectum,
1716 2032 1773 2065 hac
1791 2032 1856 2065 vice
1872 2032 1958 2065 dum-

1217 2089 1309 2126 taxat,
1335 2085 1512 2128 specialiter
1532 2090 1561 2118 et
1580 2095 1727 2129 expresse
1747 2085 1956 2129 derogainus;

1218 2137 1394 2181 ceterisque
1412 2137 1577 2171 contrariis
1593 2138 1853 2183 quibuscumque.

1258 2191 1370 2223 Datum
1394 2191 1521 2231 Romae,
1542 2191 1626 2235 apud
1653 2191 1682 2225 S.
1701 2192 1829 2224 Mariam
1856 2192 1956 2226 Maio-

1222 2255 1300 2285 rem,
1314 2244 1371 2277 sub
1384 2245 1500 2278 annulo
1518 2244 1701 2285 Piscatoris,
1715 2245 1766 2278 die
1782 2255 1815 2278 x1
1831 2255 1959 2278 novem-

1221 2297 1284 2331 bris
1310 2307 1437 2338 Mnchr,
1454 2297 1656 2341 pontificatus
1675 2298 1776 2332 nostri
1800 2308 1883 2331 anno
1904 2308 1956 2331 v11.

1256 2359 1313 2386 Dat.
1331 2359 1374 2386 die
1393 2360 1421 2386 11
1441 2359 1594 2387 novembris
1613 2360 1689 2392 1661,
1711 2360 1806 2395 politis.
1828 2368 1896 2387 auno
1913 2366 1956 2387 vu.

1257 2474 1267 2500 1
1282 2473 1412 2501 Periodus
1426 2474 1496 2500 inter
1507 2473 1574 2501 duos
1583 2473 1727 2501 asteriscos
1738 2478 1861 2501 contenta
1877 2474 1959 2501 abun-

1221 2517 1266 2544 dat
1280 2518 1318 2552 (Β.
1333 2518 1381 2551 τ.).
1449 2513 1453 2518 ’

1953 181 2003 208 An.
2023 181 2051 209 C.
2064 182 2129 212 166¹
