2243 3205
316 195 402 222 Aac
426 195 493 223 1658
539 187 602 221 366

335 2495 450 2517 Det-retum
464 2497 491 2518 ii·-

308 2523 380 2543 tltaus.

514 255 584 277 mus
608 249 791 286 assertores,
817 255 854 278 ne
887 247 1035 290 pastorali
1061 248 1163 282 officio
1189 259 1250 282 no-

514 302 579 330 stro
603 297 661 331 hac
686 298 716 330 in
742 309 775 331 re
799 309 926 342 quoquo
951 300 1045 334 modo
1074 301 1181 334 deesse
1207 302 1252 334 vi-

513 349 662 391 deamur,
688 357 775 384 motu
799 352 941 396 proprio,
958 364 993 386 ex
1020 355 1105 386 certa
1124 354 1252 387 scientia

513 413 548 435 ac
566 405 689 436 matura
707 404 933 438 deliberatione
958 407 1083 447 nostris,
1104 407 1204 450 deque
1221 417 1252 439 a·

513 456 685 500 postolicae
709 459 871 501 potestatis
896 459 1100 503 plenitudine,
1129 460 1252 503 praedi-

513 515 596 542 ctum
623 510 770 551 edictum,
793 522 847 544 seu
866 518 1081 556 pracceptum,
1107 518 1136 546 et
1161 513 1191 545 in
1216 523 1253 546 co

513 569 631 596 asserta
659 574 695 596 ac
725 566 889 598 enunciata
919 577 1135 610 quaecumque
1160 576 1253 609 prae-

514 615 680 656 iudicialia,
705 619 891 660 praesertim
906 619 937 651 in
956 619 1015 651 illis
1034 619 1137 651 verbis
1164 632 1176 649 s<
1200 630 1253 652 co-

513 680 563 701 me
587 671 740 714 principe,
766 672 910 715 signore,
937 683 1070 706 sovrano
1096 683 1111 705 c
1137 673 1253 706 vicario

514 723 675 767 imperiale
700 725 750 757 nel
776 726 909 759 contado
934 726 1042 768 d'Asti,
1061 726 1087 758 al
1113 727 1204 769 quale
1226 727 1253 759 le

513 777 597 810 detta
628 778 754 811 castella
789 786 1026 822 appartengono
1056 791 1071 812 c
1104 780 1250 823 scggiac-‹

513 830 615 871 ciono,
641 842 703 864 ccc.
720 843 747 870 »3
774 837 803 863 et
826 832 856 864 in
881 832 940 864 illis
967 845 978 863 <i
999 843 1024 872 e,
1046 832 1151 865 comc¹
1171 833 1254 877 prin-

513 884 591 927 cipe,
609 895 742 918 sorrano
761 896 776 918 e
789 886 904 919 vicario
919 886 1081 929 imperiale
1099 886 1252 927 suddetto,

513 938 741 978 comandiamo‚
765 950 827 972 ecc.
853 951 881 979 i»,
907 944 1015 972 tenore
1040 941 1250 982 praesentium

512 990 712 1024 decernimus
748 996 777 1025 ct
813 992 1012 1025 declaramus
1044 1003 1192 1026 erroneas
1223 999 1253 1026 ct

512 1054 655 1085 erronea,
679 1045 860 1089 nulliusque
881 1046 1031 1079 momenti
1050 1052 1079 1079 et
1097 1047 1251 1079 efficaciae

511 1098 606 1131 fuisse
631 1104 683 1133 aut
707 1110 784 1142 esse,
810 1110 910 1143 neque
936 1111 993 1143 per
1021 1100 1106 1140 illud,
1137 1101 1205 1133 illas
1223 1106 1252 1133 et

512 1151 573 1193 illa,
587 1157 747 1196 tamquam
765 1153 878 1193 inania,
893 1153 1001 1186 frivola
1020 1159 1048 1186 et
1069 1154 1249 1195 inefficacia,

511 1205 609 1237 ullum
631 1206 677 1238 vel
697 1205 860 1238 minimum
880 1206 1109 1250 praeiudicium
1129 1207 1250 1241 iuribus

510 1259 625 1292 nostris
644 1264 673 1291 ct
698 1259 798 1292 dictae
816 1259 903 1292 Sedis
922 1266 951 1293 et
970 1261 1119 1293 ccclesiae
1144 1262 1250 1294 Asten-

510 1312 562 1350 sis,
588 1312 717 1355 eiusque
741 1313 908 1356 episcopis,
934 1324 969 1347 ac
995 1315 1144 1347 Romanis
1169 1316 1249 1348 Pon-

511 1365 648 1398 tificibus
673 1366 793 1398 illatum
819 1367 936 1407 fuisse,
962 1368 1008 1400 rel
1035 1361 1249 1413 esscsneque

510 1418 618 1451 inferri
633 1419 782 1462 potuisse,
797 1430 853 1452 nec
871 1421 935 1453 ullo
953 1431 1090 1464 unquam
1110 1427 1250 1466 tempore

509 1482 615 1515 posseg
637 1478 676 1511 et,
701 1484 760 1516 pro
786 1474 897 1507 maiori
922 1474 1022 1508 dictae
1047 1475 1134 1508 Sedis
1155 1481 1185 1508 et
1202 1486 1251 1509 ec-

510 1526 623 1559 clcsiae.
647 1527 778 1567 cautela,
804 1527 911 1560 eadem
936 1528 1172 1571 praeiudicialia
1196 1540 1250 1572 pc-

509 1579 593 1611 nitus
618 1585 647 1612 ct
672 1580 801 1613 omnino
826 1581 1035 1622 annullamus,
1054 1592 1249 1623 revocamus,

509 1643 668 1666 cassamus
693 1639 722 1666 et
747 1634 919 1676 abolemus,
944 1635 1127 1678 viribusque
1152 1641 1182 1668 et
1207 1636 1250 1668 cs-

510 1686 591 1720 seclu
615 1697 817 1730 quocumque
842 1698 973 1731 prorsus
998 1698 1195 1730 evacuamus,
1215 1699 1250 1721 ac

509 1745 607 1780 motu,
632 1740 771 1781 scientia,
793 1741 1020 1774 deliberatione
1039 1746 1068 1774 et
1087 1742 1250 1785 potestatis

508 1794 701 1837 plenitudine
738 1794 893 1827 similibus
926 1795 1011 1827 nulla
1037 1801 1066 1828 et
1091 1795 1226 1828 invalida
1242 1822 1249 1836 ,

508 1853 671 1889 revocata,
698 1859 783 1881 cassa
816 1854 846 1881 et
881 1849 988 1889 irrita,
1014 1849 1196 1893 viribusque
1221 1855 1250 1882 et

509 1902 593 1934 omni
616 1902 728 1934 ell'cctu
760 1903 851 1945 plane
879 1913 975 1935 vacua
997 1903 1101 1943 fuisse,
1128 1913 1194 1936 esse
1220 1908 1249 1935 ct

508 1960 662 1998 perpetuo
687 1956 753 1988 sore
778 1961 807 1987 et
832 1955 953 1988 censeri
968 1955 1093 1996 debere,
1111 1955 1249 1989 decerni-

508 2017 577 2040 mus
602 2007 709 2040 itidem
739 2014 768 2041 et
793 2008 1009 2049 declaramus
1035 2009 1076 2041 ita
1108 2014 1162 2050 ut,
1188 2009 1248 2042 illis

508 2060 638 2093 minime
662 2061 867 2102 obstantibus,
886 2062 954 2094 iura
978 2067 1086 2095 nostra
1112 2068 1141 2095 et
1166 2063 1248 2106 Apo-

508 2113 636 2147 stolicae
668 2114 755 2147 Sedis
787 2115 951 2158 dictaeque
982 2116 1120 2149 Astensis
1153 2117 1249 2149 eccle-

507 2167 571 2200 siae
596 2178 722 2212 semper
740 2174 769 2201 et
789 2169 874 2201 omni
895 2173 1037 2213 tempore
1056 2176 1248 2211 remaneant,

507 2220 568 2253 sint
585 2226 614 2253 et
631 2226 804 2262 serventur,
822 2233 858 2255 ac
872 2222 992 2254 censeri
1017 2222 1150 2256 debcant
1166 2228 1248 2255 sarta

507 2278 586 2307 tecta
612 2280 641 2307 et
666 2275 798 2318 integra,
818 2275 922 2308 illaesa
947 2281 976 2308 et
1001 2275 1120 2308 illibata
1136 2276 1167 2308 in
1185 2287 1249 2309 om-

507 2328 599 2361 nibus
624 2333 654 2361 et
673 2339 730 2372 per
750 2329 855 2362 omnia
872 2329 1138 2372 quemadmodum
1161 2336 1249 2363 erant

507 2386 578 2414 ante
603 2382 771 2415 editionem
796 2382 947 2426 praedicti
973 2383 1065 2416 edicti
1086 2393 1141 2416 seu
1161 2393 1248 2427 prae-

507 2436 599 2480 cepti,
613 2441 643 2469 et
655 2436 786 2480 perinde
800 2447 835 2469 ac
851 2437 875 2469 si
891 2436 967 2469 illud
981 2447 1044 2470 non
1062 2442 1246 2470 emanasset.

552 2492 566 2532 ς
587 2489 616 2522 3.
638 2490 845 2524 Decernentes
863 2491 917 2531 sic,
938 2496 968 2523 et
991 2501 1054 2524 non
1077 2491 1178 2533 aliter,
1196 2491 1246 2524 in²

544 2561 555 2586 1
574 2559 721 2595 Praeposit.
738 2569 754 2589 α
770 2561 834 2587 hinc
848 2560 992 2588 abiicimus
1007 2562 1045 2596 (a.
1063 2562 1112 2596 T.).

542 2606 558 2631 2
572 2604 637 2632 lllale
653 2605 718 2634 edit.
734 2605 812 2633 Μαίη.
830 2606 893 2642 legit
912 2616 944 2633 ac
961 2615 1008 2643 pro
1026 2607 1055 2634 [u
1073 2608 1108 2643 (n.
1126 2606 1173 2641 T.).

1088 200 1266 225 BULLARIUM
1290 200 1444 225 ROMANUM

1286 249 1471 292 praemissis
1504 248 1651 282 omnibus
1682 253 1712 283 et
1743 249 1873 293 singulis
1905 250 2025 284 censeri

1287 301 1331 333 ac*
1351 301 1391 333 ita
1409 312 1466 344 per
1484 311 1699 345 quoscumque
1715 301 1832 335 iudices
1851 303 2026 336 ordinarios

1287 360 1317 386 et
1341 354 1509 397 delegatos,
1528 355 1620 387 etiam
1646 365 1810 388 causarum
1829 356 1934 399 palatii
1952 366 2027 400 apo-

1288 407 1388 439 stolici
1418 407 1587 448 auditores,
1616 419 1652 440 ac
1687 413 1824 440 nostram
1847 418 2025 451 cameram,

1288 461 1418 505 eiusque
1434 462 1582 495 officiales
1597 462 1895 506 quomodocumque
1910 472 2027 496 nuncu-

1287 520 1385 558 patos,
1400 521 1429 548 et
1449 515 1476 548 S.
1495 516 1529 548 R.
1548 516 1580 548 E.
1599 516 1784 556 cardinales,
1806 516 1897 548 etiam
1923 516 1962 549 de
1985 516 2027 549 la-

1287 569 1351 601 lere
1378 569 1507 611 legatos,
1528 574 1557 601 et
1574 570 1700 613 quosvis
1725 569 1802 603 alios
1827 580 2026 613 quacumque

1287 622 1471 654 auctoritate
1489 623 1652 665 fungentes
1670 628 1699 655 et
1715 623 1887 664 suncturos,
1905 622 2026 656 sublata

1287 674 1331 707 eis
1356 680 1385 707 et
1410 686 1519 708 eorum
1547 675 1673 709 cuilibet
1700 676 1809 719 quavis
1833 676 1922 709 aliter
1946 676 2027 709 iudi-

1287 728 1377 761 candi
1396 734 1425 761 et
1442 729 1667 772 interpretandi
1694 729 1838 762 facultate
1864 734 1894 762 et
1918 734 2026 763 aucto-

1288 781 1387 824 ritate,
1409 781 1540 815 iudicari
1563 787 1593 814 ct
1617 782 1741 815 definiri
1758 782 1885 823 debere,
1902 793 1938 816 ac
1959 783 2028 815 irri-

1287 840 1352 867 tum
1374 840 1403 867 et
1432 835 1533 875 inane,
1555 835 1578 868 si
1600 846 1689 868 secus
1713 846 1808 880 super
1839 836 1887 869 his
1911 846 1928 868 a
1953 847 2028 880 quo-

1286 898 1402 931 quam,
1434 889 1542 931 quavis
1574 889 1780 930 auctoritate,
1813 889 1948 922 scienter
1979 889 2027 922 vel

1286 941 1478 984 ignoranter,
1505 941 1672 984 contigerit
1696 942 1851 976 attentari.

1331 995 1344 1036 ,ξ
1369 995 1398 1027 4.
1425 995 1492 1027 Non
1522 995 1719 1028 obstantibus
1753 995 2026 1029 constitutionibus
2041 1006 2174 1054 fflfflmiraua
2187 1013 2216 1030 η-

1285 1053 1314 1080 et
1339 1048 1588 1081 ordinationibus
1613 1048 1809 1092 apostolicis,
1834 1049 1926 1081 etiam
1952 1058 2027 1082 con—

1285 1101 1455 1141 ciliaribus,
1473 1111 1595 1134 necnon
1616 1101 1738 1144 legibus
1762 1102 1979 1145 imperialibus
1996 1107 2027 1134 et

1286 1154 1536 1198 municipalibus,
1556 1160 1595 1197 et,
1620 1159 1773 1198 quatenus
1798 1165 1876 1199 opus
1900 1155 1949 1196 sit,
1968 1165 2026 1188 no-

1284 1210 1347 1240 stra
1368 1214 1395 1240 et
1416 1208 1619 1240 cancellariae
1644 1208 1834 1251 apostolicae
1858 1209 1968 1252 regula
1988 1208 2026 1241 de

1284 1261 1351 1293 iure
1377 1261 1518 1304 quaesito
1543 1271 1605 1293 non
1626 1261 1774 1301 tollendo,
1800 1266 1829 1296 et
1853 1261 1951 1295 felicis
1975 1272 2026 1294 re-

1284 1314 1475 1347 cordationis
1510 1314 1553 1346 Pii
1587 1314 1685 1357 Papae
1710 1314 1747 1346 IV
1773 1315 2027 1358 praedecessoris

1283 1366 1383 1399 nostri
1405 1366 1628 1400 constitutione
1655 1367 1693 1399 dc
1719 1367 1828 1409 gratiis
1847 1368 2027 1411 qualecum-

1283 1430 1343 1463 que
1369 1420 1521 1452 interesse
1554 1430 1698 1453 camerae
1731 1421 1919 1464 apostolicae
1944 1431 2022 1455 con-

1266 1474 1486 1506 ‘ccrncntibus
1520 1473 1551 1505 in
1583 1473 1691 1506 eadem
1724 1475 1849 1507 camera
1877 1484 2026 1518 praesen-

1284 1526 1385 1559 tandis
1411 1532 1441 1560 et
1466 1526 1688 1569 registrandis,
1720 1527 1761 1560 ita
1787 1532 1822 1560 ut
1844 1533 2025 1571 praesentes

1284 1581 1425 1621 litterae,
1452 1581 1573 1613 etiamsi
1599 1581 1629 1613 in
1655 1581 1765 1614 eadem
1791 1584 1916 1615 camera
1939 1582 2026 1615 nullo

1285 1645 1421 1677 unquam
1447 1640 1590 1678 tempore
1608 1640 1846 1678 praesententur
1875 1640 1905 1668 et
1932 1635 2028 1678 regis-

1284 1693 1428 1729 trentur,
1453 1688 1657 1721 nibilominus
1682 1688 1804 1721 valeant
1838 1688 2026 1732 plenamque

1284 1742 1409 1775 roboris
1434 1741 1622 1775 formitatem
1649 1742 1819 1782 obtineant,
1838 1752 1960 1775 necnon
1980 1742 2027 1775 di-

1284 1801 1351 1828 ctae
1376 1796 1543 1837 ecclesiae,
1566 1796 1659 1828 etiam
1685 1796 1862 1829 iuramento
1877 1823 1884 1837 ,
1910 1795 2024 1829 confir-

1284 1849 1421 1882 matione
1445 1849 1618 1892 apostolica
1633 1876 1640 1889 ,
1665 1849 1712 1881 vel
1742 1849 1851 1892 quavis
1877 1848 2026 1882 firmitate

1283 1902 1343 1933 alia
1361 1902 1528 1943 roboratis,
1546 1902 1668 1935 statutis
1682 1907 1711 1934 et
1736 1902 2026 1943 consuetudinibus,

1283 1954 1455 1998 privilegiis
1477 1965 1613 1998 quoque,
1631 1955 1758 1987 indultis
1775 1960 1805 1987 et
1820 1955 1931 1988 litteris
1955 1965 2027 1998 apo-

1283 2008 1401 2040 stolicis
1415 2008 1516 2040 eidem
1534 2008 1694 2048 ecclesiae,
1709 2007 1856 2051 illiusque
1872 2007 2021 2052 praesuli,

1283 2060 1421 2104 capitulo
1446 2066 1476 2093 et
1500 2060 1663 2104 quibusvis
1686 2061 1845 2104 personis,
1870 2061 1927 2094 sub
1953 2061 2024 2105 qui-

1282 2114 1478 2158 buscumque
1503 2115 1665 2148 tenoribus
1689 2118 1719 2149 et
1743 2115 1862 2155 formis,
1887 2124 1923 2148 ac
1951 2125 2023 2147 cum

1283 2168 1444 2211 quibusvis
1467 2168 1560 2201 ctiam
1586 2168 1858 2211 derogatoriarum
1883 2167 2024 2211 deroga-

1282 2221 1382 2261 toriis,
1399 2221 1530 2264 aliisque
1545 2220 1784 2261 efficacioribus,
1800 2220 2024 2253 efficacissimis

1282 2278 1312 2308 et
1348 2274 1481 2308 insolitis
1515 2274 1673 2315 clausulis,
1698 2274 1957 2318 irritantibusque
1992 2278 2022 2309 et

1282 2327 1350 2361 aliis
1366 2328 1510 2370 decretis,
1532 2328 1563 2360 in
1590 2338 1706 2371 genere
1723 2328 1771 2361 vel
1789 2328 1819 2360 in
1839 2328 1953 2372 specie,
1971 2332 2024 2361 aut

1282 2382 1357 2414 alias
1382 2382 1413 2414 in
1438 2381 1630 2415 contrarium
1659 2381 1905 2425 praemissorum
1938 2391 2021 2425 quo-

1282 2435 1455 2468 modolibet
1480 2435 1646 2476 concessis,
1672 2434 1866 2468 confirmatis
1885 2439 1915 2468 et
1931 2435 2021 2468 inno—

1281 2489 1370 2529 vatis;
1398 2489 1511 2532 quibus
1528 2488 1674 2522 omnibus
1698 2493 1728 2521 et
1747 2488 1889 2531 singulis,
1910 2498 2021 2521 eorum

1281 2542 1422 2576 omnium
1448 2547 1477 2575 et
1503 2542 1698 2586 singulorum
1724 2547 1849 2575 tenores
1875 2551 2020 2586 praesen-

1315 2606 1327 2632 ‘1
1346 2605 1412 2633 Male
1428 2605 1493 2633 ibid.
1512 2605 1578 2642 legit
1595 2606 1623 2632 ίπ
1639 2614 1687 2641 pro
1703 2614 1735 2633 ac
1749 2606 1786 2640 (a.
1799 2605 1847 2641 Ἄ).

2044 201 2094 230 An.
2105 202 2133 230 c.
2150 203 2213 235 «ess
