2243 3205
269 148 317 173 An.
334 147 364 174 C.
383 148 446 176 1661

284 816 287 819 Ι
298 789 409 810 Decretum
429 788 455 808 ir-

271 818 345 836 ritans.

276 1370 387 1392 Contraria
398 1370 459 1391 tollit.

495 140 558 173 682

467 207 564 240 scopo
596 198 697 230 vocati
733 198 771 230 ad
809 198 1026 232 dioecesanam
1053 201 1205 245 synodum

467 250 616 282 accedere
649 255 833 284 teneantur:
862 262 937 294 nos,
962 253 1116 287 eiusmodi
1150 255 1207 288 du-

468 302 554 335 bium
570 303 679 336 tollere
694 304 864 347 cupientes,
878 306 1055 349 praedictos
1068 307 1206 347 abbates,

469 355 601 397 priores,
616 356 804 398 guardianos
819 363 848 390 et
861 358 938 391 alios
952 370 1121 402 parvorum
1137 370 1208 393 con-

469 412 618 441 ventuum
644 409 822 443 huiusmodi
848 412 1028 455 superiores
1052 412 1090 445 ad
1115 423 1207 457 syno-

469 461 543 493 dum
569 461 786 495 dioecesanam
811 464 961 497 accedere
986 465 1101 507 teneri,
1123 466 1147 497 si
1170 465 1208 497 ad

470 524 537 546 eam
564 514 602 546 ab
626 515 796 559 episcopo,
828 517 872 550 uti
899 517 986 550 Sedis
1011 518 1209 562 Apostolicae

470 567 623 610 delegato,
646 574 806 610 vocentur,
824 571 1008 604 auctoritate
1029 572 1209 615 apostolica,

470 625 579 652 tenore
604 623 838 664 praesentium,
862 623 1068 657 declaramus.
1102 624 1138 656 Et
1169 624 1210 656 ita

470 673 509 705 ab
535 674 702 716 omnibus,
735 676 773 708 ad
804 687 884 720 quos
908 678 1065 721 pertinet,
1090 677 1209 710 servari

470 727 691 771 praecipimus.

515 781 530 823 ἓ
547 781 576 813 ⁶2.
597 781 806 815 Decernentes
822 782 946 816 easdem
967 787 1147 825 praesentes
1164 782 1211 815 lit-

471 839 554 866 teras
571 845 698 878 semper
722 835 847 878 firmas,
875 835 992 868 validas
1017 839 1047 868 et
1071 835 1211 868 efficaces

472 886 606 920 existere
630 893 660 920 et
685 888 762 928 sore,
786 899 922 932 suosque
946 888 1105 932 plenarios
1122 894 1152 921 et
1170 888 1211 921 in-

472 944 578 981 tegros
598 939 727 973 effectus
752 941 857 974 sortiri
882 946 912 973 et
935 941 1088 981 obtinere,
1105 940 1213 985 sicque

471 992 503 1024 in
539 993 718 1035 praemissis
751 1004 807 1037 per
846 1004 1063 1037 quoscumque
1094 993 1213 1027 iudices

474 1045 652 1079 ordinarios
682 1052 712 1078 et
733 1046 902 1090 delegatos,
928 1048 1019 1081 etiam
1047 1058 1212 1080 causarum

472 1099 581 1142 palatii
599 1100 762 1142 apostolici
775 1100 943 1142 auditores,
962 1100 1092 1134 iudicari
1113 1104 1143 1134 et
1162 1101 1215 1134 de-

475 1152 559 1185 finiri
585 1152 710 1194 debere,
728 1164 763 1186 ac
780 1154 905 1187 irritum
926 1158 956 1188 et
968 1154 1069 1195 inane,
1087 1154 1111 1187 si
1126 1165 1215 1188 secus

473 1215 568 1248 super
603 1205 651 1238 his
685 1216 701 1238 a
725 1217 907 1251 quoquam,
932 1207 1041 1251 quavis
1080 1208 1215 1241 auctori-

474 1262 546 1299 tate,
560 1259 694 1292 scienter
711 1260 758 1293 vel
773 1260 965 1303 ignoranter,
984 1261 1151 1304 contigerit
1170 1267 1215 1294 at-

475 1312 597 1344 tentari.

521 1366 536 1408 §
551 1365 581 1398 3.
596 1366 665 1399 Non
683 1365 877 1399 obstantibus
897 1366 1171 1400 constitutionibus
1189 1372 1218 1400 et

477 1418 729 1452 ordinationibus
760 1420 962 1463 apostolicis,
994 1430 1115 1453 necnon
1139 1431 1218 1464 quo-

478 1471 597 1504 rumvis
618 1472 776 1512 ordinum,
802 1472 1084 1515 congregationum
1111 1478 1140 1505 et
1165 1473 1216 1505 in-

478 1525 669 1565 stitutorum,
690 1525 783 1557 etiam
802 1525 989 1567 iuramento,
1011 1526 1220 1558 confirmatio-

478 1588 518 1610 ne
542 1577 724 1620 apostolica,
756 1578 804 1610 vel
837 1578 948 1621 quavis
977 1578 1127 1611 firmitate
1158 1578 1219 1610 alia

479 1631 646 1671 roboratis,
663 1630 786 1663 statutis
804 1636 834 1663 et
854 1631 1144 1672 consuetudinibus,
1158 1631 1220 1675 pri-

479 1684 601 1726 vilegiis
625 1694 760 1727 quoque,
786 1683 915 1717 indultis
939 1689 969 1717 et
992 1684 1104 1717 litteris
1127 1695 1219 1728 apos-

481 1738 597 1771 stolicis
615 1738 646 1770 in
664 1738 858 1770 contrarium
884 1739 1132 1781 praemissorum
1147 1749 1222 1781 quo-

480 1790 653 1823 modolibet
677 1790 849 1831 concessis,
874 1791 1068 1824 confirmatis
1087 1796 1117 1823 et
1136 1791 1221 1824 inno-

481 1844 575 1883 vatis;
601 1843 714 1887 quibus
729 1843 875 1876 omnibus
889 1848 919 1876 et
939 1844 1080 1886 singulis,
1095 1844 1220 1877 illorum

481 1902 606 1929 tenores
630 1897 849 1940 praesentibus
881 1907 939 1940 pro
964 1897 1056 1940 plene
1085 1901 1114 1930 et
1141 1898 1222 1930 suffi-

482 1950 600 1983 cienter
620 1950 776 1993 expressis
800 1960 836 1983 ac
852 1950 890 1982 de
914 1950 1010 1983 verbo
1031 1950 1069 1983 ad
1090 1951 1222 1983 verbum

484 2003 608 2035 insertis
624 2003 786 2045 habentes,
804 2003 865 2035 illis
886 2003 960 2036 alias
978 2003 1009 2036 in
1029 2014 1086 2037 suo
1106 2004 1223 2037 robore

482 2057 709 2100 permansuris,
734 2057 772 2089 ad
796 2057 1042 2100 praemissorum
1066 2057 1222 2099 effectum,

484 2110 541 2142 hac
566 2109 633 2142 vice
646 2109 816 2151 dumtaxat,
831 2110 1007 2153 specialiter
1027 2115 1057 2143 et
1077 2120 1223 2154 expresse

484 2163 688 2205 derogamus3
715 2163 891 2207 ceterisque
913 2164 1078 2197 contrariis
1100 2164 1224 2207 quibus-

485 2226 631 2258 cumque.

529 2269 641 2301 Datum
667 2269 794 2309 Romae,
820 2269 901 2313 apud
926 2269 954 2302 S.
978 2269 1105 2302 Mariam
1130 2270 1224 2303 Maio-

486 2332 564 2362 rem,
586 2321 643 2354 sub
667 2322 782 2354 annulo
801 2321 977 2363 Piscatoris,
995 2322 1045 2355 die
1067 2333 1127 2356 xxx
1145 2333 1225 2356 mar-

487 2374 533 2406 tii¹
557 2385 682 2415 mecm,
708 2375 908 2418 pontificatus
932 2375 1031 2409 nostri
1057 2386 1139 2409 anno
1164 2386 1205 2409 vl.

523 2436 581 2462 Dat.
603 2436 636 2463 30
656 2436 743 2463 martii
764 2438 841 2470 1661,
860 2437 953 2472 pontis.
970 2445 1039 2464 anno
1055 2445 1092 2465 vr.

525 2542 535 2567 1
554 2541 630 2576 Male,
646 2546 676 2569 ut
691 2547 766 2578 puto,
781 2543 844 2572 edit.
860 2543 939 2572 Main.
956 2544 1020 2580 legit
1035 2545 1112 2573 maii
1126 2546 1164 2580 (n.
1176 2546 1224 2581 τ.).

1032 153 1211 178 BULLARIUM
1236 154 1390 179 ROMANUM

1501 202 1712 235 CCCXXXVII.

1243 272 1387 306 Cassatio
1412 272 1575 305 electionis
1588 271 1786 315 Marqarithi
1804 273 1978 318 Guanqne-

1288 325 1334 357 lin
1362 325 1399 357 in
1426 329 1580 358 rectorem
1608 325 1880 358 monasteriorum
1906 327 1979 361 Car-

1286 377 1522 410 melitanarum
1567 378 1836 410 Excalceatarum
1886 381 1980 422 reyni

1287 430 1459 470 Franciae,
1479 440 1552 462 cuin
1572 429 1708 463 alterius
1732 430 1865 463 rectoris
1889 431 1981 475 depu-

1289 484 1420 524 tatione,
1445 483 1588 527 aliisque
1612 483 1890 517 ordinationibus.

1436 563 1602 589 Alexander
1623 563 1701 596 Papa
1719 563 1784 596 vu,

1388 609 1424 634 ad
1445 607 1579 634 futuram
1593 606 1638 633 rei
1653 606 1835 634 memoriam.

1287 678 1302 721 ἓ
1326 678 1354 710 ’1.
1380 677 1455 711 Cum
1482 677 1582 720 (sicut
1604 677 1813 720 accepimus),
1836 677 1983 711 defuncto

1243 741 1344 774 nuper
1361 730 1475 763 Iacobo
1492 728 1631 772 Carton¹,
1649 729 1722 762 dum
1748 729 1833 772 vixit,
1858 739 1921 764 uno
1946 740 1983 763 ex

1245 784 1345 817 tribus
1365 783 1542 817 rectoribus
1559 787 1589 816 et
1602 782 1907 817 administratoribus
1920 793 1985 816 mo-

1245 837 1456 870 nasteriorum
1489 836 1672 869 monialium
1704 835 1984 869 Carmelitanarum

1246 890 1499 922 Excalceatarum
1526 889 1558 921 in
1582 898 1681 931 regno
1709 888 1859 921 Franciae
1882 888 1985 921 consi-

1247 942 1406 983 stentium,
1430 942 1535 975 dilecti
1553 941 1608 974 filii
1621 941 1750 975 Carolus
1773 941 1812 974 de
1828 941 1985 975 Gamache

1247 1001 1277 1028 et
1287 995 1437 1028 Martinus
1446 994 1584 1029 Grandiu
1598 995 1791 1038 superstites,
1802 994 1985 1027 eorumdem

1248 1048 1511 1082 monasteriorum
1538 1052 1676 1081 rectores
1700 1053 1730 1080 et
1753 1047 1986 1081 administrato-

1248 1112 1308 1143 res,
1326 1101 1474 1134 dilectum
1500 1100 1618 1144 pariter
1638 1100 1738 1133 filium
1758 1100 1986 1143 Margarithum

1248 1155 1444 1198 Guanguelin
1468 1154 1687 1199 presbyterum
1718 1154 1750 1186 in
1785 1153 1912 1188 tertium
1936 1164 1987 1188 re-

1249 1214 1368 1242 ctorem
1383 1212 1413 1242 et
1426 1207 1711 1241 administratorem
1722 1206 1986 1240 monasteriorum

1249 1261 1430 1295 huiusmodi
1455 1262 1524 1294 looo
1549 1260 1699 1304 praedicti
1724 1260 1828 1294 Iacobi
1849 1260 1987 1293 defuncti

1250 1315 1412 1358 elegerint,
1438 1320 1477 1355 et,
1502 1314 1668 1347 occasione
1692 1313 1851 1347 absentiae
1875 1324 1892 1346 a
1916 1313 1990 1346 civi-

1250 1373 1313 1401 tate
1341 1367 1507 1400 Parisiensi
1541 1366 1727 1400 venerabilis
1759 1366 1864 1399 fratris
1895 1366 1988 1401 Caelii

1252 1421 1480 1465 archiepiscopi
1501 1421 1680 1462 Caesareae,
1696 1420 1795 1454 nostri
1815 1423 1845 1454 et
1860 1420 1990 1464 Aposto-

1251 1475 1329 1507 licae
1352 1474 1440 1507 Sedis
1473 1473 1554 1518 apud
1579 1473 1776 1506 carissimum
1809 1473 1840 1505 in
1867 1472 1990 1507 Christo

1251 1529 1351 1561 filium
1387 1533 1531 1561 nostrum
1569 1527 1760 1560 Ludovicum
1796 1527 1989 1560 Francorum

1253 1592 1359 1625 regem
1374 1580 1668 1615 christianissimum
1679 1580 1796 1620 nuncii,
1806 1580 1990 1613 electionem

1253 1634 1433 1668 huiusmodi
1458 1644 1475 1666 a
1499 1633 1634 1677 quodam
1661 1633 1778 1666 vicario
1802 1633 1991 1667 venerabilis

1254 1688 1358 1720 fratris
1382 1687 1613 1730 archiepiscopi
1635 1686 1819 1719 Parisiensis
1844 1686 1875 1719 in
1899 1687 1991 1730 spiri-

1254 1741 1388 1775 tualibus
1412 1740 1550 1784 generali
1576 1739 1757 1773 confirmari
1783 1740 1991 1784 curaverint³,

1255 1805 1308 1827 seu
1332 1793 1415 1826 idern
1441 1793 1650 1836 Margarithus
1673 1793 1842 1838 curaverit,
1864 1793 1993 1837 ipseque

1254 1847 1464 1890 Margarithus
1489 1847 1556 1879 sine
1584 1846 1723 1879 eiusdem
1748 1845 1840 1880 Caelii
1865 1846 1990 1879 archie-

1255 1900 1375 1944 piscopi
1400 1899 1506 1933 nuncii
1531 1909 1684 1933 consensu
1706 1909 1818 1932 munus
1843 1899 1926 1932 tertii
1944 1910 1994 1933 re-

1256 1953 1352 1987 ctoris
1373 1958 1402 1986 et
1421 1952 1684 1986 administratoris
1703 1952 1857 1986 dictorum
1873 1963 1995 1986 monas-

1256 2006 1410 2040 teriorum
1436 2005 1661 2049 assumpserit;
1686 2016 1759 2046 nos,
1787 2006 1840 2050 qui
1869 2006 1994 2040 easdem

1257 2058 1410 2092 moniales
1435 2059 1479 2092 uti
1504 2058 1680 2102 peculiares
1705 2063 1828 2091 nostras
1848 2064 1878 2091 et
1901 2059 1995 2092 huius

1257 2112 1386 2146 Sanctae
1411 2111 1499 2145 Sedis
1519 2111 1599 2144 silias
1617 2111 1648 2144 in
1665 2111 1838 2145 visceribus
1855 2112 1995 2155 gerimus

1257 2170 1404 2209 paternae
1429 2165 1601 2206 charitatis,
1622 2165 1768 2208 pastorali
1787 2165 1996 2199 sollicitudine

1258 2224 1288 2251 et
1318 2218 1516 2262 providentia
1547 2228 1736 2261 praecavere
1763 2218 1925 2262 cupientes
1957 2229 1996 2252 ne

1258 2283 1337 2316 quae
1372 2271 1553 2316 praemissis
1583 2282 1638 2305 seu
1670 2272 1796 2305 illorum
1832 2272 1997 2306 occasione

1295 2370 1306 2395 1
1325 2369 1413 2396 Breve
1430 2368 1500 2396 istud
1516 2368 1742 2404 praesupponitur
1755 2368 1788 2396 iis
1803 2376 1872 2405 quae
1895 2368 1997 2396 haben-

1259 2417 1302 2440 tur
1316 2421 1397 2448 supra
1413 2421 1472 2449 pag.
1497 2413 1558 2446 615,
1582 2413 1697 2448 ideoque
1720 2413 1851 2440 debuerat
1869 2413 1997 2441 anteferri

1259 2459 1349 2484 Const.
1365 2464 1465 2484 cccxnt
1481 2457 1518 2484 ihi
1534 2457 1646 2490 relatae,
1662 2461 1688 2484 et.
1702 2457 1798 2485 referri
1820 2458 1852 2486 ad
1868 2452 1928 2494 p'ag.
1944 2458 1996 2486 555

1258 2500 1338 2528 huius
1354 2501 1496 2528 voluminis
1510 2502 1547 2536 (n.
1563 2501 1613 2536 T.)-

1293 2546 1309 2572 2
1325 2545 1395 2573 Edit.
1411 2545 1489 2573 Main.
1506 2546 1571 2582 legit
1586 2548 1760 2575 curaverunt
1775 2547 1813 2581 (a.
1831 2546 1880 2581 T.)-

2198 0 2243 74 t·

1989 158 2044 184 An.
2061 157 2089 185 C.
2105 158 2171 187 1661

2024 691 2162 714 Prooemium.
2204 707 2206 730 ζ
2216 700 2223 718 i
