2185 3188
60 204 107 230 An.
120 200 152 229 vC.
177 202 242 229 1655

855 198 1040 223 ALExANDER
1067 198 1108 221 Vll
1134 198 1180 221 Pr.

257 249 374 282 nalium
408 249 560 292 consilio,
585 259 620 282 ac
649 258 705 292 per
735 246 861 281 modurn
891 246 997 280 statuti

258 309 287 336 et
316 302 547 337 constitutionis
572 307 797 347 perpetuorum
814 328 821 341 ,
846 311 882 334 ac
912 303 997 334 motu

258 362 287 389 et
305 357 434 390 scientia
453 357 591 400 paribus,
610 356 710 399 deque
730 354 922 399 apostolicae
942 365 996 397 po-

259 411 376 444 testatis
394 410 597 454 plenitudine,
615 409 653 442 ad
674 408 883 452 imperatoris,
901 418 935 440 ac
955 418 998 440 re-

258 476 331 508 gum
357 470 386 497 et
411 465 613 507 reginarum,
643 463 757 495 ducum
783 467 812 495 ct
840 461 997 494 marchio-

257 529 333 551 num
365 524 394 551 et
427 518 560 551 aliorum
589 516 768 561 principum
798 515 997 557 instantiam,

258 583 312 605 seu
330 572 456 605 illorum
478 570 752 614 contemplatione,
770 570 800 602 in
818 580 933 612 genere
951 569 998 602 vel

258 626 289 658 in
313 625 435 669 specie,
461 631 513 658 aut
544 625 618 657 alias
643 623 880 668 quomodolibet
905 623 997 655 etiam

259 679 378 712 iteratis
403 678 522 712 vicibus
548 678 725 720 concessis,
751 677 945 710 confirmatis
970 682 999 710 et

260 733 423 774 innovatis,
433 737 462 766 et
476 733 682 776 imposterum
696 730 916 771 concedendis,
930 740 1000 764 con-

260 786 422 819 firmandis
455 792 484 819 et
514 785 698 819 innovandis
728 784 871 828 (etiamsi
900 784 930 817 in
963 785 1000 817 iis

260 851 294 874 ac
319 840 441 875 statutis
465 845 496 873 et
520 839 738 873 stabilimentis
762 838 930 882 praedictis
955 848 1001 872 ca-

261 899 369 927 veatur
396 904 542 938 expresse
575 894 621 927 vel
654 894 765 935 tacite,
791 892 875 937 quod
908 892 1001 926 Urbis

261 948 384 982 nonnisi
416 947 596 991 originariis
628 947 748 980 civibus
778 947 940 988 romanis,
966 958 1001 980 ac

262 1002 375 1036 civium
411 1002 595 1036 eorumdem
632 1002 725 1043 siliis,
758 1002 891 1035 aliarum
928 1012 1001 1035 xero

261 1057 396 1101 partium
418 1056 569 1089 beneficia
593 1056 651 1089 nisi
677 1067 734 1100 per
758 1066 909 1100 personas
934 1056 1002 1088 illu-

262 1116 358 1152 stres,
384 1121 438 1144 seu
462 1110 604 1151 nobiles,
629 1120 664 1143 ac
693 1110 786 1142 etiam
812 1109 1002 1152 originarios

263 1164 365 1206 cives,
390 1169 442 1198 aut
466 1164 541 1197 alias
570 1169 656 1198 certo
682 1163 776 1197 modo
801 1163 832 1196 in
858 1163 918 1196 illis
943 1174 998 1196 ex-

264 1229 371 1263 presse
395 1218 600 1263 qualificatos,
626 1218 760 1252 obtineri
789 1223 842 1251 aut
867 1217 1003 1251 conferri

264 1273 392 1317 possint,
406 1279 436 1307 et
460 1274 563 1308 nullus
588 1274 620 1306 in
644 1273 742 1307 civem
765 1272 867 1314 Urbis,
888 1278 940 1306 aut
963 1272 1004 1305 ci-

266 1327 405 1367 vitatum,
421 1327 620 1371 oppidorum,
639 1333 795 1360 terrarum
814 1332 844 1360 et
860 1326 1002 1360 locorum

266 1380 444 1413 huiusmodi
462 1381 594 1421 admitti,
613 1392 666 1414 scu
688 1382 812 1414 illorum
832 1381 1003 1425 privilegiis

269 1432 312 1464 uti
338 1434 443 1475 possit,
460 1434 518 1465 nisi
543 1434 630 1477 prius
656 1434 686 1466 in
711 1434 800 1468 dictis
818 1434 1004 1475 civitatibus,

270 1486 393 1529 oppidis
417 1492 445 1519 et
471 1486 547 1519 locis
571 1497 626 1530 per
651 1491 769 1521 certum
796 1493 920 1531 tempus
945 1488 1002 1520 lia-

269 1538 435 1579 liitaxerit,
460 1550 514 1572 scu
543 1539 634 1572 etiam
660 1540 690 1572 in
716 1540 775 1572 illis
803 1541 886 1574 bona
913 1541 1005 1574 etiam

269 1592 390 1625 stabilia
415 1593 519 1626 t'orsan
539 1593 577 1626 ad
597 1599 717 1627 certum
740 1594 876 1628 valorem
900 1606 1008 1628 ascen-

268 1644 372 1678 dentia
397 1647 572 1689 possideat,
598 1648 745 1692 quodque
770 1648 1007 1692 praeceptoriae

269 1704 297 1731 ct
321 1698 380 1731 alia
405 1700 557 1733 bcnclicia
575 1712 792 1744 quaecunupic
810 1701 883 1734 dieti
906 1702 1007 1746 bospi-

270 1752 335 1785 lalis
360 1752 388 1786 S.
415 1753 537 1786 Ioannis
564 1754 858 1798 Hierosolymitani,
886 1760 945 1788 tam
971 1766 1006 1787 ex

268 1805 334 1838 eius
359 1807 573 1846 institutione,
599 1818 691 1850 quam
719 1818 753 1840 cx
780 1808 1007 1841 stabilimento-

269 1870 337 1891 rum
371 1860 602 1903 praedictorum
635 1860 856 1904 dispositione,
883 1872 945 1893 non
977 1863 1007 1894 in

269 1913 392 1946 titulum
421 1919 645 1958 perpetuorum
675 1915 901 1948 benetie-iorum
931 1926 1006 1949 con-

270 1966 353 2007 ferri,
379 1967 432 2000 sed
458 1968 487 1999 in
513 1968 730 2001 commendam
749 1968 786 2000 ad
806 1968 898 2001 vitam
925 1980 1007 2002 com-

269 2021 534 2055 mendatariorum
561 2022 780 2056 revocabiliter
805 2023 933 2056 concedi
959 2024 1008 2056 de-

268 2074 380 2117 bcant,
413 2079 441 2109 ct
477 2076 519 2108 sic
555 2076 757 2119 pensionibus
790 2077 1008 2110 ecclesiasticis

269 2129 460 2162 secularibus
486 2135 538 2162 aut
563 2129 630 2162 aliis
663 2131 804 2174 personis
836 2131 1006 2175 apostoliea

268 2183 453 2217 auctoritate
480 2184 675 2216 reservandis
704 2185 827 2227 gravari
853 2195 914 2218 non
940 2196 1008 2229 pos-

268 2237 339 2277 sint,
364 2236 510 2280 quodque
535 2237 754 2271 stabilimentis
780 2243 809 2271 et
833 2238 1007 2282 privilegiis

268 2290 413 2334 praefatis
431 2290 522 2323 etiam
539 2291 645 2334 vigore
661 2292 819 2325 clausulae
837 2292 1007 2336 implicitae

268 2343 480 2387 derogationis
505 2344 652 2378 latissime
677 2345 889 2378 extendendae
914 2346 1005 2379 etiam

268 2407 325 2440 per
356 2407 571 2441 quascumque
605 2398 724 2431 litteras
756 2399 945 2442 apostolicas
979 2405 1007 2432 ct

267 2451 391 2494 quasvis
416 2450 507 2483 etiam
534 2451 805 2495 derogator-iarum
834 2452 1007 2496 derogato-

268 2505 329 2539 rias
354 2505 545 2539 efficaciores
566 2511 594 2538 et
615 2506 754 2540 insolitas
779 2507 933 2541 clausulas
959 2507 1008 2540 de-

267 2560 371 2603 rogari
393 2570 454 2593 non
475 2560 582 2605 possit,
600 2570 657 2594 nec
674 2561 860 2604 derogatum
880 2572 1005 2595 censea-

268 2619 317 2647 tur
337 2615 395 2648 nisi
419 2615 581 2659 derogatio
606 2615 783 2650 huiusmodi
813 2616 850 2650 de
869 2616 1001 2651 consilio

1702 185 1742 218 853

1032 246 1188 278 dictorum
1214 244 1420 278 cardinalium
1436 243 1498 287 fiat,
1517 249 1547 277 et
1564 248 1629 276 turn
1649 243 1776 276 demum

1033 298 1069 331 ad
1092 298 1121 331 id
1143 298 1285 342 magistri
1311 303 1340 332 et
1365 303 1536 332 conventus
1561 296 1776 341 praefatorum

1033 364 1202 398 expressus
1230 353 1357 387 accedat
1381 351 1558 393 assensus‚¹
1589 351 1711 395 sintque
1731 350 1777 383 lit-

1034 413 1117 440 terae
1143 406 1357 450 derogationis
1381 405 1573 446 huiusmodi,
1598 405 1693 438 etiam
1721 415 1778 448 per

1033 461 1150 494 dictum
1177 471 1326 504 magnum
1352 461 1537 503 magistrum
1567 459 1776 503 subscriptae,

1034 526 1069 549 ac
1093 515 1121 548 ei
1147 520 1177 548 et
1200 515 1340 559 praefate
1365 514 1532 548 conventui
1558 525 1614 558 per
1639 513 1778 547 diversas

1034 569 1064 601 in
1090 569 1190 602 forma
1212 569 1329 609 Brevis,
1347 574 1400 601 aut
1420 568 1495 601 alias
1512 568 1630 601 litteras
1647 567 1778 600 diversis

1035 622 1232 667 temporibus
1257 633 1328 656 cum
1355 622 1449 656 certis
1482 621 1653 655 intervallis
1686 631 1778 665 prae-

1034 681 1179 717 sentatas,
1205 676 1378 717 intimatae,
1402 681 1432 709 et
1452 686 1514 709 non
1532 675 1617 716 alias,
1643 685 1700 708 nec
1717 675 1779 709 alio

1037 730 1150 771 modo,
1176 735 1206 763 et
1236 740 1361 774 semper
1387 729 1418 762 in
1442 728 1624 762 huiusmodi
1650 728 1778 769 litteris,

1035 796 1114 829 quac
1146 785 1190 818 sic
1222 784 1298 817 fient
1322 785 1415 818 ctiam
1448 783 1486 817 de
1511 783 1604 817 simili
1630 782 1779 822 consilio,

1035 838 1248 881 derogationis
1277 838 1316 871 sit
1343 837 1486 882 apposita
1511 837 1670 879 clausula,
1696 836 1781 880 quod

1037 892 1161 925 illarum
1186 891 1333 925 effectum
1366 891 1538 925 sortiantur
1562 891 1600 924 de
1625 900 1781 924 consensu

1038 946 1179 990 magistri
1198 951 1228 979 et
1242 951 1415 980 conventus
1435 945 1660 990 praefatorum,
1675 950 1704 978 ct
1719 955 1781 979 non

1037 1000 1122 1041 alias,
1148 1001 1248 1043 aliter,
1269 1011 1327 1034 nec
1353 1000 1414 1033 alio
1440 999 1558 1043 m0d0);

1081 1054 1096 1098 ξ
1120 1053 1173 1087 10.
1200 1053 1319 1093 Quibus
1344 1053 1501 1096 omnibus,
1527 1058 1557 1086 ct
1587 1063 1697 1086 eorum
1724 1052 1782 1086 siu-

1038 1108 1119 1151 gulis
1138 1108 1273 1151 (etiamsi
1291 1119 1349 1152 pro
1367 1107 1494 1141 illorum
1513 1107 1679 1140 sufficienti
1694 1107 1783 1141 dero-

1038 1162 1164 1205 gatione
1189 1162 1263 1195 alias
1288 1161 1326 1195 de
1352 1161 1412 1195 illis
1441 1171 1617 1205 eorumque
1642 1161 1714 1194 totis
1741 1167 1783 1194 te-

1039 1215 1169 1249 noribus
1200 1215 1366 1259 specialis,
1392 1215 1538 1260 specifica
1564 1220 1593 1248 et
1618 1225 1782 1259 expressa,

1040 1276 1069 1304 et
1093 1270 1131 1303 de
1156 1269 1252 1303 verbo
1277 1269 1316 1302 ad
1341 1269 1483 1310 verbum,
1509 1279 1573 1302 non
1597 1273 1701 1303 autem
1726 1279 1783 1313 per

1039 1324 1194 1358 clausulas
1231 1323 1395 1367 generales
1435 1323 1518 1356 idem
1556 1324 1761 1367 importantes
1776 1351 1783 1363 ,

1041 1380 1158 1413 mentio
1172 1389 1226 1412 seu
1244 1378 1372 1422 quaevis
1389 1377 1449 1410 alia
1467 1378 1627 1422 expressio
1641 1377 1784 1411 habenda

1039 1439 1091 1466 aut
1115 1432 1220 1476 aliqua
1245 1431 1397 1476 exquisita
1423 1431 1524 1465 forma
1556 1431 1595 1464 ad
1623 1431 1683 1465 hoc
1715 1442 1783 1465 ser-

1040 1487 1140 1520 vanda
1164 1486 1297 1527 soret,et
1323 1485 1353 1518 in
1378 1486 1422 1519 eis
1448 1491 1594 1519 careatur
1619 1495 1782 1529 expresse,

1040 1540 1124 1584 quod
1139 1540 1199 1573 illis
1215 1539 1392 1572 nullatenus
1406 1539 1552 1583 derogari
1567 1540 1674 1583 possit,
1688 1539 1784 1584 quod-

1041 1605 1101 1637 que
1115 1594 1252 1627 clausula
1271 1593 1440 1637 implicitae
1457 1593 1671 1636 derogationis
1690 1593 1721 1626 in
1740 1605 1784 1627 re—

1041 1648 1159 1691 scripto
1185 1648 1277 1680 ctiam
1304 1651 1390 1680 motu
1417 1647 1548 1690 proprio
1570 1653 1713 1681 emanato
1731 1658 1785 1692 ap-

1041 1701 1140 1745 posita
1166 1701 1256 1733 aliter
1288 1700 1320 1732 in
1351 1700 1463 1733 litteris
1493 1700 1626 1743 exprimi
1653 1700 1699 1733 vel
1731 1711 1784 1733 ex-

1043 1754 1124 1787 tendi
1150 1754 1312 1797 nequeat),
1338 1753 1463 1786 illorum
1490 1754 1632 1786 omnium
1659 1759 1784 1788 tenores

1043 1808 1260 1852 praesentibus
1280 1818 1338 1852 pro
1361 1808 1553 1841 sufficienter
1570 1809 1725 1852 expressis
1749 1819 1784 1843 ac

1041 1861 1078 1894 de
1105 1861 1199 1894 verbo
1228 1861 1265 1894 ad
1292 1861 1421 1894 verbum
1455 1861 1580 1894 insertis
1613 1861 1782 1904 habentes,

1043 1915 1103 1947 illis
1124 1914 1198 1947 alias
1217 1915 1247 1947 in
1265 1925 1321 1948 suo
1346 1914 1461 1948 robore
1486 1920 1515 1948 et
1540 1915 1687 1949 firmitate
1713 1926 1785 1960 per-

1043 1969 1213 2010 mansuris,
1239 1970 1296 2003 hac
1323 1969 1388 2002 viee
1413 1969 1584 2011 dumtaxat,
1603 1969 1715 2003 barum
1737 1981 1784 2003 se-

1043 2024 1097 2064 rie,
1123 2023 1153 2056 in
1176 2034 1292 2067 genere
1318 2029 1347 2057 et
1372 2023 1403 2056 in
1427 2024 1542 2068 specie,
1570 2023 1607 2056 ad
1637 2024 1784 2058 effectura

1043 2077 1313 2120 praemissorum,
1343 2077 1522 2121 specialiter
1554 2082 1583 2110 et
1616 2087 1783 2121 expresse,

1044 2136 1129 2164 motu
1157 2136 1186 2164 et
1214 2131 1344 2164 scientia
1380 2131 1536 2164 similibus
1572 2131 1784 2174 derogamus,

1041 2195 1075 2217 ac
1101 2184 1287 2228 derogatum
1317 2195 1384 2218 esse
1413 2185 1628 2224 decei·ni1nus;
1656 2185 1783 2219 ceteris-

1041 2250 1101 2283 que
1127 2240 1293 2273 contrariis
1318 2240 1580 2285 quibuscumque.

1087 2294 1101 2336 g
1115 2293 1165 2325 111.
1182 2294 1333 2327 Volumus
1347 2299 1450 2327 autem
1469 2295 1552 2338 quod
1571 2294 1783 2338 praesentium

1043 2348 1263 2391 transumptis,
1289 2348 1381 2380 etiam
1408 2348 1584 2391 impressiS,
1611 2358 1705 2381 manu
1730 2348 1784 2380 ali-

1042 2400 1131 2434 cuius
1156 2401 1269 2434 notarii
1288 2402 1405 2445 publici
1420 2402 1615 2446 subscriptis,
1637 2408 1666 2435 et
1682 2402 1785 2446 sigillo

1043 2465 1196 2498 personae
1213 2455 1243 2487 in
1262 2455 1412 2498 dignitate
1438 2456 1648 2489 ecclesiastica
1674 2456 1786 2490 consti-

1042 2512 1124 2542 tutae
1140 2508 1277 2549 munitis,
1292 2509 1398 2542 eadem
1419 2520 1551 2553 prorsus
1567 2510 1684 2553 ubique
1708 2509 1785 2543 fides

1080 2628 1087 2653 1
1112 2626 1248 2653 Coniunet.
1272 2629 1297 2654 el
1319 2626 1379 2653 hinc
1400 2626 1522 2654 delemus
1543 2634 1578 2662 tn.
1597 2629 1644 2662 T.)>

1790 195 1838 220 An.
1857 194 1883 219 C.
1909 194 1975 221 ie55

1835 2299 1984 2325 Trannunpto·

1800 2332 1845 2347 rum
1861 2327 1918 2347 uites,
