2243 3205
617 278 780 305 Alexander
800 278 878 312 Papa
899 278 966 311 vn,

566 323 600 348 ad
624 322 756 349 suturam
778 322 822 349 rei
843 323 1022 349 memoriam.

251 397 303 416 rw
322 403 367 415 mn,
465 384 697 416 Conservationi
714 389 740 415 ct
757 384 981 417 manutentioni
994 384 1159 423 librorum,

421 436 648 479 scripturarum
680 436 940 469 bibliothecarum
963 442 991 469 et
1008 436 1160 469 archivio-

420 500 488 520 rum
515 489 714 532 publicorum
741 489 880 522 omnium
907 495 936 522 et
961 489 1157 532 singulorum

419 548 628 587 conventupni
655 542 912 585 Congregationis
933 542 1157 575 canonicorum

418 595 610 637 regularium
638 594 666 627 S.
693 595 856 638 Augustini
889 596 919 628 in
952 605 1050 638 regno
1077 595 1152 627 Por-

418 648 563 689 tugalliae
590 648 799 688 existentium,
825 652 974 692 quantum
1001 658 1070 680 cum
1098 648 1157 680 Do-

417 700 502 732 mino
525 711 710 743 possumus,
743 701 878 744 benigne
909 701 1094 741 consulere,
1121 710 1156 733 ac

416 753 562 786 dilectum
588 754 686 786 silium
713 755 897 787 modernum
924 754 1063 798 priorem
1085 764 1156 787 con-

415 813 524 840 ventus
549 808 577 841 S.
595 808 702 841 Crucis
720 808 966 847 Colimlniensis,
984 807 1036 851 qui
1063 807 1155 841 totius

414 860 674 903 Congrcgationis
706 861 882 904 praedictae
916 861 1003 904 regni
1036 861 1154 894 Portu-

414 913 524 955 galliac
558 914 645 957 prior
674 915 829 957 generalis
861 925 897 946 ex
929 913 1154 946 consuetudine

414 967 526 1007 existit,
563 967 748 1010 speclalibus
788 967 946 1000 favoribus
981 972 1010 999 et
1045 966 1153 1009 gratiis

414 1020 561 1062 prosequi
600 1020 755 1061 volentes,
792 1024 821 1053 et
857 1030 874 1052 a
909 1019 1069 1063 quibusvis
1106 1030 1155 1052 cx-

414 1072 726 1114 communicationis,
758 1072 970 1117 suspensionis
998 1078 1027 1105 et
1052 1072 1150 1105 inter-

412 1126 511 1165 dicti,
545 1126 675 1169 aliisque
714 1126 933 1160 ecclesiasticis
968 1126 1152 1167 sententiis,

413 1179 553 1212 censuris
578 1185 607 1212 et
634 1180 752 1223 poenis,
777 1190 793 1212 a
808 1179 874 1213 iure
893 1180 938 1212 vel
958 1179 996 1212 ab
1013 1179 1152 1220 homine,

412 1232 520 1275 quavis
538 1233 703 1266 occasione
720 1233 766 1266 vel
788 1234 882 1266 causa
895 1233 975 1275 latis⁷
992 1233 1016 1265 si
1038 1233 1152 1276 quibus

412 1285 649 1329 quomodolibet
674 1286 839 1320 innodatus
864 1286 990 1327 existit,
1015 1286 1052 1319 ad
1081 1286 1152 1319 effe-

412 1345 495 1372 ctum
527 1340 736 1383 praesentium
768 1339 927 1372 dumtaxat
957 1349 1151 1383 consequen-

411 1392 496 1433 dum,
507 1392 618 1425 harum
632 1393 711 1426 serie
723 1393 919 1426 absolventes
930 1397 959 1426 ct
972 1393 1150 1426 absolutum

411 1446 478 1478 sore
504 1452 684 1487 censentes,
710 1446 990 1490 supplicationibus
1013 1446 1150 1479 eiusdem

411 1499 526 1543 prioris
551 1500 678 1532 nomine
694 1499 784 1533 nolus
803 1510 896 1542 super
914 1499 973 1532 hoc
990 1499 1151 1532 humiliter

411 1553 565 1596 porrectis
590 1553 739 1593 inclinati,

247 1618 347 1649 militamt
371 1624 395 1640 ae
455 1606 469 1648 ξ
506 1605 530 1637 l.
561 1605 604 1638 Nc
640 1605 677 1638 de
709 1610 814 1639 cetero
845 1606 1022 1650 quisquam,
1041 1605 1150 1649 quavis

211 1646 396 1692 '⁰¹⁰¹''i'''¹iiliii³0¹2
410 1658 605 1699 auctoritate,
627 1658 729 1691 ossicio
748 1659 793 1691 vel
812 1658 962 1701 dignitate
987 1658 1150 1701 sungens¹‚

411 1710 518 1751 libros,
536 1711 712 1754 (munerun,
728 1712 808 1753 solia7
827 1712 946 1745 litteras
963 1711 1151 1755 apostolicas

250 1758 371 1796 ‘wintff'
388 1763 395 1794 ζ
410 1765 467 1797 sub
480 1764 609 1808 plumbo
627 1765 672 1797 vel
687 1764 717 1797 in
735 1765 837 1797 forma
856 1764 961 1797 Drevis
977 1764 1149 1808 expeditaS‚

303 1811 334 1823 μ’
354 1811 365 1824 ''
410 1818 528 1852 indulta
553 1824 582 1850 et
606 1818 786 1862 privilegia,
812 1818 950 1862 aliasque
975 1818 1149 1862 scripturas

408 1871 549 1914 publicas
576 1877 603 1904 et
629 1871 774 1915 privatas,
801 1877 860 1904 tam
883 1872 1037 1915 impressa
1054 1881 1147 1914 quam

409 1924 640 1967 i‘nanuscripta,
667 1930 729 1956 tam
755 1924 905 1957 hactenus
931 1924 960 1956 in
986 1924 1094 1967 quavis
1120 1929 1148 1956 et

408 1977 518 2019 quovis
560 1977 824 2011 bibliothecarum
866 1983 896 2010 et
933 1977 1147 2012 archiviorum

407 2037 617 2064 conventuum
635 2036 664 2064 et
682 2031 805 2074 collegii
820 2031 1058 2065 Colimbriensis
1074 2032 1148 2066 Con-

407 2085 599 2127 gregationis
624 2084 804 2117 huiusmodi
834 2084 865 2117 in
898 2094 995 2127 regno
1029 2085 1146 2118 Portu-

407 2138 519 2181 galliac
540 2137 702 2182 praedicto
720 2138 917 2172 existentium
940 2138 1100 2180 collocata,
1118 2144 1148 2172 et

407 2192 467 2224 illis
501 2202 556 2235 per
589 2202 804 2235 quoscumque
835 2191 942 2225 fideles
973 2191 1087 2225 donata
1119 2198 1148 2225 et

406 2245 582 2287 assignata,
615 2255 708 2288 quam
736 2245 766 2277 in
795 2249 956 2288 posterum
985 2244 1090 2278 forsan
1116 2244 1147 2278 in

407 2299 450 2331 eis
476 2298 657 2332 collocanda
689 2303 718 2331 et
749 2298 809 2331 illis
841 2298 985 2331 donanda
1009 2303 1038 2331 et
1063 2298 1142 2331 assi-

407 2352 546 2394 gnanda,
570 2351 732 2395 quibusvis
755 2351 899 2395 personis
924 2351 1144 2393 commodare,

407 2409 458 2439 aut
482 2405 539 2437 sub
566 2405 675 2448 quovis
700 2405 841 2449 quaesito
870 2405 985 2445 colore,
1008 2404 1144 2447 ingenio,

407 2460 510 2500 causa,
536 2459 656 2492 ratione
681 2463 733 2493 aut
753 2458 916 2492 occasione
942 2469 977 2492 ex
995 2468 1144 2502 quacum-

406 2522 465 2556 que
477 2517 686 2545 conventuum
696 2512 953 2555 Congregationis
962 2510 1144 2545 huiusmodi

211 1675 300 1691 ettonem

442 2629 453 2655 1
472 2629 542 2656 Edit,
558 2628 636 2656 Μαίη.
653 2629 717 2664 legit
731 2630 883 2664 [muglentes
897 2629 936 2663 (a.
955 2628 1002 2662 T.).

1003 229 1181 254 BULLARIUM
1207 229 1359 253 ROMANUM

1941 227 1991 252 An.
2013 226 2042 252 C.
2061 224 2128 253 ¹658

1196 276 1460 310 bibliothecarum
1493 280 1523 309 et
1551 275 1763 309 archiviorum
1788 276 1819 308 in
1846 275 1929 309 dicto

1196 340 1292 374 regno
1317 329 1514 364 existentium
1529 328 1693 362 extrahere
1715 333 1744 361 et
1758 333 1929 372 asportare,

1193 395 1247 416 scu
1273 389 1305 416 ut
1330 382 1569 417 commodentur
1587 387 1613 415 et
1636 386 1838 425 asporteutur
1858 392 1930 425 per-

1194 435 1316 469 mittere
1342 441 1394 468 aut
1419 435 1594 468 consentire
1622 434 1733 467 audeat
1761 443 1815 466 seu
1840 443 1930 477 prae-

1193 494 1304 530 sumat,
1329 489 1386 522 sub
1411 487 1742 522 excommunicationis
1758 487 1838 520 latae
1863 496 1930 520 sen-

1193 543 1305 576 tentiae
1340 553 1375 576 ac
1412 542 1597 586 privationis
1634 541 1717 575 vocis
1749 540 1867 574 activae
1900 545 1929 573 et

1192 597 1331 640 passivae
1363 597 1472 641 poenis
1507 607 1564 640 per
1599 595 1856 629 contrafacientes
1892 604 1929 627 eo

1191 649 1258 692 ipso
1283 650 1400 693 absque
1418 649 1476 682 alia
1493 648 1702 682 declaratione
1720 646 1927 686 incurrendis,

1190 703 1361 746 apostolica
1374 703 1569 743 auctoritate,
1581 707 1687 736 tenore
1703 700 1926 745 praesentium,

1190 755 1405 788 interdicimus
1431 760 1460 788 et
1484 754 1696 798 prohibemus.
2211 778 2226 802 to

1233 809 1247 852 ξ
1279 809 1308 841 ⁶2.
1334 810 1401 842 Non
1433 808 1627 842 obstantibus
1654 807 1926 841 constitutionibus
1942 815 2076 862 f-if?”²‘³‘²²
2093 822 2123 838 re·
2208 808 2228 855 i}

1189 866 1218 893 et
1235 862 1484 895 ordinationibus
1502 861 1690 905 apostolicis⁷
1710 871 1755 904 ac,
1773 865 1925 905 quatenus
1950 851 1958 862 k
1979 850 1998 862 '‘
2165 896 2168 901 ,
2212 862 2227 908 ti

1188 925 1268 958 opus
1297 915 1352 956 sit,
1382 920 1590 948 conventuum
1616 918 1644 948 et
1668 913 1925 957 Congregationis

1188 968 1386 1009 huiusmodi,
1412 968 1503 1001 etiam
1537 968 1730 1008 iuramento,
1758 966 1924 1000 confirma-

1189 1020 1270 1054 tione
1287 1021 1470 1065 apostolica‚
1495 1021 1542 1054 vel
1566 1021 1674 1064 quavis
1691 1020 1839 1053 firmitate
1864 1019 1924 1053 alia

1188 1075 1367 1115 roboratis,
1402 1075 1523 1108 statutis
1559 1079 1589 1107 et
1623 1073 1924 1113 consuetudinibus,
2213 1080 2229 1111 tt.

1187 1128 1362 1172 ceterisque
1392 1127 1558 1162 contrariis
1585 1127 1848 1171 quibuscumque.
1869 1126 1925 1159 Vo-
2213 1110 2229 1174 ἷξς

1187 1181 1290 1214 lumus
1322 1187 1425 1214 autem
1458 1181 1541 1226 quod
1578 1181 1751 1225 praesentis
1787 1179 1925 1224 probibi-
2214 1193 2225 1226 Ἰῃ

1188 1234 1279 1267 tionis
1297 1235 1386 1278 copia
1402 1235 1430 1267 in
1446 1234 1540 1267 valvis
1554 1234 1749 1277 singularum
1771 1238 1801 1266 et
1821 1233 1925 1276 singu·
2214 1227 2228 1268 ’,Β

1186 1288 1287 1321 lorum
1319 1288 1455 1321 cuiusvis
1476 1292 1646 1322 conventus
1675 1286 1854 1320 huiusmodi
1876 1286 1923 1318 bi·
2216 1271 2229 1339 ἴ

1186 1341 1414 1374 bliothecarum
1449 1345 1480 1374 et
1514 1341 1749 1380 archiviorum,
1783 1340 1829 1372 vel
1863 1339 1924 1373 alio
2213 1342 2230 1390 ᾗῇ

1185 1395 1355 1438 conspicuo
1383 1395 1472 1435 loco,
1503 1405 1565 1437 quo
1594 1394 1631 1426 ab
1660 1393 1805 1427 omnibus
1837 1393 1923 1426 cerni
2216 1387 2229 1448 l

1184 1448 1293 1490 possit,
1312 1447 1460 1480 continuo
1474 1447 1563 1479 affixa
1582 1451 1755 1484 remaneat;
1777 1445 1923 1489 quodque
2214 1440 2229 1496 llx-

1184 1500 1396 1543 praesentium
1423 1500 1644 1543 transumptis,
1677 1500 1769 1532 etiam
1796 1499 1924 1543 impres·
2216 1498 2230 1552 ξ

1184 1553 1246 1593 sis,
1278 1563 1372 1586 manu
1404 1553 1536 1586 alicuius
1561 1553 1672 1586 notarii
1701 1552 1818 1596 publici
1849 1552 1923 1584 sub·
2214 1548 2229 1607 5¹

1184 1605 1325 1649 scriptis,
1350 1611 1380 1638 et
1411 1606 1513 1648 sigillo
1542 1615 1696 1649 personae
1717 1606 1746 1637 in
1772 1605 1922 1648 dignitate
2213 1590 2231 1673 :⁵¹5¹

1184 1659 1393 1692 ecclesiastica
1424 1659 1610 1693 constitutae
1639 1659 1788 1699 munitis,
1813 1658 1922 1691 eadem

1183 1722 1312 1755 prorsus
1345 1712 1421 1745 fides
1450 1711 1652 1753 adhibeatur,
1677 1721 1756 1754 quae
1780 1721 1923 1755 praesen-

1183 1766 1265 1799 tibus
1283 1766 1497 1805 adhiberetur,
1518 1766 1542 1799 si
1568 1766 1670 1799 forent
1695 1765 1850 1798 exhibitae
1876 1766 1921 1798 vel

1181 1825 1331 1853 ostensae.

1226 1873 1337 1906 Datum
1362 1873 1496 1913 Romae,
1524 1871 1606 1915 apud
1630 1872 1659 1905 S.
1678 1871 1804 1904 Mariam
1831 1871 1923 1905 Maio-

1181 1937 1259 1966 rem,
1280 1926 1338 1958 sub
1358 1926 1473 1958 annulo
1489 1925 1665 1967 piscatoris,
1687 1924 1736 1957 die
1758 1934 1834 1958 xxlv
1855 1935 1923 1969 sep-

1182 1979 1310 2012 tembris
1336 1989 1497 2020 iinccvni,
1518 1979 1719 2022 pontificatus
1744 1979 1843 2012 nostri
1868 1988 1923 2011 an-

1180 2043 1220 2066 no
1238 2043 1280 2065 1v.

1215 2096 1274 2122 Dat.
1296 2095 1339 2122 die
1358 2095 1391 2122 ⁶24
1411 2094 1574 2131 septembris
1596 2094 1674 2127 1658,
1690 2094 1782 2130 pontif.
1797 2102 1914 2122 annoiv.

1497 2260 1591 2293 CCXI.

1180 2348 1371 2383 Conslilutz'o
1395 2359 1491 2393 super
1513 2349 1743 2391 reformatione
1775 2347 1917 2393 capituli

1220 2402 1382 2446 yeneralis
1408 2402 1672 2446 Conyreqatz'om's
1689 2401 1917 2445 Porluqalliae

1221 2456 1449 2489 canonicorum
1466 2454 1671 2500 reyularium
1689 2454 1824 2488 Ordinis
1840 2465 1916 2488 san·

1220 2511 1264 2544 cli
1286 2510 1498 2554 Auyustini'.

1213 2627 1222 2652 1
1246 2625 1283 2652 Ex
1302 2626 1412 2660 Regest.
1435 2625 1461 2652 in
1480 2625 1580 2654 secret.
1602 2624 1678 2651 Brev.
