2243 3205
266 219 310 244 tn.
328 218 356 245 C.
379 218 447 245 1660

493 209 556 241 556

460 267 610 307 redditus,
629 277 737 300 verum
764 267 855 300 etiam
875 269 979 302 omnia
1006 269 1132 303 illorum
1154 275 1218 311 ae-‘¹

461 320 542 352 raria
560 320 623 352 sere
642 321 845 361 exhauseras;
864 322 945 355 idem
964 323 1200 366 praedecessor,

459 372 497 403 ad
519 373 647 415 egregia
665 373 828 417 utriusque
849 374 980 418 Philippi
1003 376 1086 418 regis
1103 377 1150 409 avi
1172 380 1201 410 et

459 425 621 467 genitoris,
652 427 850 470 aliorumque
880 428 1036 461 maiorum
1059 435 1199 468 tuorum,

459 483 574 521 tuaque
591 479 721 522 propria
736 480 845 514 merita
857 480 1035 514 huiusmodi
1051 488 1199 525 paternae

457 531 597 574 dirigens
615 533 874 567 considerationis
892 535 1049 577 intuitum,
1063 535 1200 568 laudabi-

456 585 500 617 les
522 592 551 618 et
576 587 638 619 Deo
668 587 803 621 maxime
832 594 939 631 gratos
969 595 1098 622 conatus
1128 595 1198 622 tuos

456 639 648 673 adiuvandos
662 641 789 681 ducens,
809 642 861 674 tibi
884 653 993 675 omnes
1011 648 1040 674 et
1057 643 1198 685 singulos

455 692 585 734 fructus,
603 694 753 735 redditus,
771 701 952 739 proventus,
978 695 1055 737 iura,
1085 696 1198 728 obven-

454 746 555 779 tiones
583 752 613 780 et
640 748 852 781 emolumenta
878 749 930 791 (in
960 749 1074 792 quibus
1103 749 1195 781 etiam

452 800 619 842 pensiones
636 811 764 842 annuas,
781 803 982 845 quantumvis
1000 802 1123 842 liberas,
1142 802 1198 835 im-

453 863 563 885 munes
580 859 610 886 et
631 861 800 898 exeniptaS‚
818 866 895 898 quas
912 855 949 887 de
975 860 1080 888 cetero
1102 866 1196 899 super

452 906 512 938 illis
538 908 711 950 apostolica
737 909 922 942 auctoritate
947 909 1101 941 reservari
1120 919 1192 942 con-

451 959 572 1001 ligeret,
597 961 821 1004 comprehendi
841 962 951 1005 voluit)
969 962 1061 995 unius
1080 962 1192 1005 integri

449 1013 566 1046 mensis
577 1014 607 1057 (a
621 1014 670 1047 die
684 1015 891 1058 possessionis
904 1026 960 1059 per
977 1015 1193 1059 infrascriptos

449 1067 672 1109 portionarios,
690 1078 811 1101 necnon
831 1069 991 1112 provisos,
1005 1070 1191 1112 praefectos,

449 1129 503 1151 seu
525 1119 682 1153 institutos
699 1120 737 1153 de
755 1122 894 1154 ecclesiis
916 1132 970 1154 seu
987 1122 1056 1154 aliis
1078 1122 1193 1155 benefi-

448 1172 504 1204 ciis
522 1173 603 1205 infra
623 1174 780 1217 expressis
806 1175 940 1215 habitae,
962 1186 1016 1208 seu
1034 1187 1115 1220 quae
1136 1187 1192 1220 per

448 1236 501 1258 cos
529 1226 664 1259 stetisset
691 1228 860 1271 quominus
886 1229 1116 1272 possessionem
1136 1230 1190 1262 liu-

447 1278 582 1311 iusmodi
604 1279 863 1323 adipiscerentur,
882 1283 1097 1326 computandi)
1118 1293 1190 1326 pro-

446 1333 701 1375 portionabiliter
726 1334 763 1367 ad
791 1340 889 1367 ratam
915 1336 986 1368 anni
1008 1342 1038 1369 et
1063 1337 1189 1377 valoris,

447 1385 590 1419 deductis
609 1387 769 1427 oneribus,
786 1399 1060 1432 quarumcumque
1075 1391 1189 1433 prima-

447 1439 578 1480 tialium,
600 1442 927 1485 metropolitanarum,
950 1442 1188 1483 cathedralium,

446 1493 694 1535 collegiatarum,
709 1495 937 1537 parochialium
953 1501 981 1527 et
996 1496 1127 1528 aliarum
1142 1507 1189 1529 ec-

447 1545 625 1587 clesiarum,
642 1556 763 1580 necnon
780 1548 1057 1586 monasteriorum,
1072 1559 1189 1582 mensa—

445 1609 579 1642 rumque
597 1600 811 1641 abbatialium,
833 1601 1030 1645 prioratuum
1052 1613 1187 1646 quoque,

444 1653 757 1696 praepositurarum,
783 1655 1074 1698 praepositatuum,
1100 1666 1188 1699 prae-

445 1705 669 1749 ceptoriarunn
697 1706 884 1749 dignitatum
911 1708 1004 1740 etiam
1031 1709 1186 1741 maiorum

444 1763 474 1791 et
485 1759 719 1802 principalium,
732 1761 984 1802 canonicatuum,
994 1762 1188 1805 praebenda-

443 1822 525 1853 rum,
543 1818 778 1856 personatuum,
798 1814 1116 1857 administrationum,
1141 1817 1186 1849 of-

444 1865 600 1907 ficiorum,
622 1872 864 1910 ceterorumque
888 1867 1114 1901 beneficiorum
1140 1879 1187 1902 ec-

444 1919 704 1961 clesiasticorum,
723 1931 793 1953 cum
813 1922 889 1953 cura
903 1926 933 1953 et
948 1921 1015 1953 sine
1032 1924 1118 1964 cura,
1137 1932 1185 1955 se-

443 1972 597 2005 cularium
612 1974 687 2016 (non
702 1978 815 2014 tamen,
830 1974 931 2018 quoad
944 1980 1061 2017 curata,
1074 1986 1184 2009 eorum

442 2037 577 2069 quorum
600 2032 736 2068 centum,
754 2038 816 2071 quo
846 2039 920 2061 vero
951 2029 988 2061 ad
1018 2029 1184 2073 simplicia,

442 2091 579 2123 quorum
600 2081 727 2122 fructus,
742 2081 883 2114 redditus
901 2087 930 2114 et
948 2088 1120 2125 proventus
1136 2093 1185 2116 va-

442 2134 540 2167 lorem
559 2144 697 2167 annuum
713 2135 821 2178 viginti
842 2141 978 2179 quatuor
994 2136 1182 2169 ducatorum

440 2187 508 2220 auri
534 2187 571 2220 de
600 2189 725 2220 camera
743 2198 804 2221 non
832 2189 1042 2233 excederent),
1060 2199 1183 2223 necnon

440 2241 469 2273 S.
496 2241 665 2282 Benedicti,
695 2242 723 2274 S.
754 2242 930 2285 Augustini,
961 2243 1183 2284 Cluniacensis,

440 2294 664 2336 cisterciensis,
686 2296 1013 2336 Praemonstratensis‚
1038 2307 1073 2330 ac
1098 2308 1180 2342 quo-

439 2359 648 2392 rumcumque
665 2349 798 2382 aliorum
808 2349 959 2382 Ordinum
979 2350 1182 2392 regularium,

440 2412 476 2433 ac
490 2402 685 2442 militiarum,
703 2407 926 2446 praeterquam
944 2403 1040 2436 sancti
1060 2403 1183 2437 Ioannis

441 2454 732 2498 llierosolymitani,
764 2460 1006 2499 ceterorumque
1038 2456 1180 2489 locorum

440 2506 532 2538 etiam
550 2513 768 2551 exemptorum
788 2509 818 2540 in
840 2509 945 2551 regnis
960 2509 1180 2552 Hispaniarum

440 2565 469 2592 et
483 2560 654 2593 insularum
668 2562 726 2594 illis
736 2562 944 2596 adiacentium
958 2573 994 2596 ac
1007 2563 1180 2605 Sardiniae,

439 2614 479 2656 (et
499 2613 535 2646 dc
554 2618 606 2647 tuo
627 2614 882 2658 inrepatronatus
899 2617 963 2650 sive
984 2616 1021 2650 ad
1039 2617 1180 2651 nomina-

1048 221 1227 246 BULLARIUM
1252 220 1407 245 ROMANUM

1235 269 1348 303 tionem
1368 269 1421 303 tibi
1441 269 1581 312 legitime
1599 274 1826 314 competentem
1847 271 1972 316 disponi

1234 323 1398 355 solitorum
1418 323 1551 366 tantum)
1566 323 1775 364 existentium,
1791 324 1830 357 de
1847 325 1972 369 quibus,

1233 375 1344 419 quovis
1379 376 1474 408 modo
1509 376 1601 409 etiam
1638 387 1696 420 per
1736 377 1971 411 translationem

1234 428 1407 468 vacaturis,
1439 439 1653 472 quascumque
1678 440 1838 473 personas,
1863 430 1972 474 quavis

1234 482 1326 514 etiam
1353 482 1563 516 cardinalatus
1581 483 1733 526 dignitate
1752 484 1915 526 fulgentes,
1933 483 1972 516 ad

1232 536 1515 579 praesentationem
1546 547 1600 569 seu
1619 537 1866 570 nominationem
1887 542 1972 570 tuam

1232 588 1371 631 praefici,
1386 589 1432 621 vel
1448 589 1618 633 provideri,
1633 590 1697 623 sive
1711 590 1778 622 illas
1788 589 1819 622 in
1833 590 1877 623 eis
1894 600 1973 634 quo-

1233 641 1405 675 modolibet
1430 642 1575 683 institui¹,
1601 653 1654 676 seu
1673 643 1786 687 quibus
1805 643 1972 687 pensiones

1232 695 1314 738 ipsas
1339 696 1493 728 reservari
1522 696 1717 739 contingeret
1733 702 1767 729 ut
1782 697 1971 740 praefertur,

1231 758 1287 791 per
1323 758 1474 792 personas
1512 749 1541 781 in
1575 749 1724 792 dignitate
1760 749 1970 783 ecclesiastica

1231 801 1416 834 constitutas
1449 812 1465 834 a
1502 807 1575 835 tunc
1599 806 1629 836 et
1651 813 1710 846 pro
1733 807 1876 847 tempore
1906 804 1970 836 exi-

1230 859 1330 887 stente
1355 866 1412 888 suo
1437 860 1467 887 et
1487 855 1574 889 Sedis
1599 856 1796 899 Apostolicae
1815 856 1847 889 in
1863 856 1970 900 regnis

1230 908 1399 951 praedictis
1424 908 1540 942 nuncio
1565 908 1601 941 ad
1627 909 1688 942 hoc
1712 909 1890 953 specialiter
1916 909 1970 943 de-

1228 960 1400 1004 putandas,
1426 971 1442 993 a
1475 962 1729 1006 quibuscumque
1759 962 1968 1006 primatibus,

1227 1014 1482 1058 archiepiscopis,
1503 1015 1671 1059 episcopis,
1688 1016 1864 1056 abbatibus,
1886 1016 1969 1060 prio·

1227 1068 1324 1109 ribus,
1344 1068 1550 1112 praepositis,
1576 1069 1843 1113 praeceptoribus,
1866 1079 1968 1103 cano—

1226 1121 1314 1161 nicis,
1333 1121 1561 1165 praebendatis,
1588 1123 1764 1156 rectoribus
1778 1127 1808 1157 et
1823 1123 1968 1167 personis

1225 1175 1419 1208 secularibus
1444 1181 1473 1208 et
1498 1176 1698 1218 regularibus
1723 1176 1815 1209 etiam
1841 1176 1967 1210 militia-

1226 1239 1295 1261 rum
1313 1228 1504 1269 liuiusmodi,
1518 1239 1639 1262 necnon
1654 1229 1862 1273 pensionariis
1878 1240 1967 1274 prae-

1224 1281 1325 1321 dictis,
1352 1282 1578 1325 cuiuscumque
1602 1282 1762 1325 dignitatis
1787 1283 1880 1315 etiam
1901 1293 1967 1316 car·

1223 1335 1377 1367 dinalatus
1389 1341 1417 1367 et
1429 1335 1617 1368 conditionis
1630 1336 1741 1375 forent,
1752 1336 1964 1380 percipienda,

1223 1389 1374 1431 exigenda
1390 1394 1419 1421 et
1433 1389 1572 1429 levanda,
1583 1389 1700 1433 tibique
1715 1390 1836 1432 integre
1848 1390 1966 1433 persol-

1223 1441 1332 1482 venda,
1351 1441 1387 1474 ad
1404 1442 1582 1485 quindecim
1598 1452 1695 1475 annos
1711 1446 1783 1476 tunc
1804 1442 1964 1486 proximos

1223 1494 1377 1527 concessit
1401 1500 1431 1527 et
1454 1495 1633 1537 assignavit;
1659 1499 1688 1528 et
1703 1495 1834 1528 subinde
1854 1495 1963 1537 voluit,

1223 1549 1301 1581 acin
1316 1549 1429 1581 virtute
1454 1555 1578 1581 sanctae
1594 1549 1788 1582 obedientiae
1801 1550 1963 1594 praecepit

1223 1606 1252 1634 et
1274 1601 1440 1642 mandavit,
1454 1606 1487 1635 ut
1504 1613 1666 1646 personae,
1688 1603 1725 1635 ad
1743 1603 1891 1636 ecclesias
1906 1611 1962 1636 seu

1222 1654 1280 1687 alia
1305 1654 1456 1688 beneficia
1479 1666 1575 1699 supra
1599 1666 1745 1700 expressa
1769 1666 1827 1700 per
1850 1661 1880 1689 te
1902 1666 1962 1700 pro

1223 1713 1363 1752 tempore
1391 1709 1637 1752 praesentandae
1667 1719 1721 1742 scu
1741 1709 1960 1751 nominandae,

1222 1763 1251 1794 in
1274 1763 1396 1795 illarum
1423 1763 1684 1806 praesentationis
1703 1773 1758 1796 seu
1775 1763 1962 1796 nominatio-

1221 1816 1268 1848 nis
1290 1816 1507 1859 expeditione,
1532 1816 1570 1848 de
1595 1816 1755 1856 solvendo,
1779 1816 1860 1849 infra
1888 1827 1961 1860 qua-

1221 1873 1293 1900 tuor
1307 1878 1429 1901 menses
1443 1879 1460 1901 a
1474 1869 1523 1901 die
1537 1869 1666 1913 adeptae
1679 1879 1737 1912 per
1747 1879 1799 1902 eos
1811 1869 1959 1902 ecclesia-

1221 1932 1289 1953 rum
1308 1932 1360 1954 seu
1379 1922 1511 1954 aliorum
1530 1922 1755 1956 beneficiorum
1778 1922 1958 1956 huiusmodi

1220 1975 1426 2018 possessionis
1452 1976 1691 2019 computandos,
1708 1986 1818 2009 omnes
1842 1979 1872 2010 et
1895 1976 1959 2009 sin-

1220 2028 1310 2070 gulos
1335 2028 1466 2069 fructus,
1485 2029 1625 2061 redditus
1642 2035 1672 2062 et
1685 2034 1865 2073 proventuS,
1879 2029 1958 2070 iura,

1219 2081 1426 2114 obventiones
1451 2088 1478 2114 et
1504 2083 1714 2115 emolumenta
1730 2082 1823 2115 unius
1844 2082 1957 2126 integri

1220 2135 1335 2167 mensis
1367 2135 1569 2168 ecclesiarum
1599 2146 1652 2168 seu
1682 2136 1815 2169 aliorum
1845 2136 1959 2170 benefi-

1219 2188 1340 2221 ciorum
1370 2188 1550 2222 huiusmodi
1576 2189 1627 2232 (ad
1653 2195 1750 2223 ratam
1777 2189 1902 2222 illarum
1927 2195 1958 2222 et

1219 2242 1344 2274 illorum
1371 2242 1485 2275 valoris
1505 2242 1542 2274 ad
1568 2253 1662 2286 quem
1687 2243 1827 2285 fructus,
1852 2242 1958 2276 reddi·

1219 2300 1277 2335 tus,
1303 2299 1483 2339 proventus,
1508 2295 1586 2338 iura,
1611 2296 1814 2330 obventiones
1829 2301 1859 2329 et
1875 2306 1958 2330 emo-

1218 2349 1353 2382 lumenta
1379 2348 1577 2389 huiusmodi,
1606 2349 1745 2394 quinque
1769 2350 1857 2383 annis
1882 2354 1956 2383 tunc

1216 2402 1359 2445 proxime
1384 2402 1524 2435 decursis
1548 2403 1706 2435 annuatim
1733 2402 1955 2443 ascendissent,

1216 2454 1434 2499 computatis2)
1452 2455 1489 2488 ad
1510 2466 1603 2489 omne
1620 2461 1707 2489 tuum
1726 2466 1779 2489 seu
1801 2455 1956 2490 ministro·

1215 2519 1284 2541 rum
1311 2513 1437 2542 tuorum
1464 2509 1643 2542 mandatum
1657 2519 1714 2553 per
1726 2509 1868 2542 cedulam
1882 2509 1954 2542 ban-

1251 2581 1261 2606 1
1284 2579 1354 2607 Male
1374 2579 1438 2607 edit.
1459 2579 1537 2607 Main.
1559 2580 1622 2616 legit
1640 2580 1770 2609 instituti
1789 2581 1826 2616 (a.
1845 2580 1892 2615 72).

1248 2624 1265 2651 Ξ
1284 2624 1417 2660 Legerem
1436 2627 1603 2660 computata
1622 2626 1659 2659 (n.
1677 2625 1726 2660 72).

1992 221 2040 249 An.
2057 221 2085 249 C.
2106 222 2174 251 ¹⁶60
