2185 3188
17 173 63 200 An.
79 171 107 198 C.
127 169 190 198 1657

41 339 175 367 supplicatio.

9 2155 13 2167 t
63 2143 76 2164 Ᾰ
96 2144 186 2168 “muris

11 2418 15 2497 t

12 2501 15 2610 l

804 164 991 187 art-JxATxtJtzr.

400 214 567 241 Alexander
588 214 666 247 Papa
687 214 750 245 vu,

344 258 379 285 ad
400 258 533 285 futuram
556 258 601 285 rei
626 257 824 285 memoriam·

251 320 370 364 Exponi
395 320 487 353 nobis
506 331 607 364 nuper
624 321 764 353 fecerunt
782 319 885 352 dilecti
910 319 945 351 fi-

207 374 238 408 lii
259 374 404 407 consules
429 379 459 406 et
483 374 669 406 universitas
690 373 944 406 barbitonsoruiu

206 428 307 460 almae
332 427 425 460 Urbis
448 431 595 467 nostrae,
620 427 704 470 quod
730 427 867 470 quodam
894 437 946 459 eo-

206 491 275 514 rum
294 480 369 513 artis
383 483 508 520 statuto,
526 490 584 523 per
602 480 699 513 felicis
718 479 946 513 recordationis

206 533 334 566 Paulum
356 533 391 574 ΙΙ,
417 533 607 567 Clementem
631 533 694 566 vll]
724 538 753 566 et
779 533 907 566 Paulum
924 533 944 564 V

206 588 362 621 Romanos
398 586 564 621 Pontifices
598 586 858 630 praedecessores
890 596 944 618 no-

205 646 285 674 stros
309 640 506 678 confirmato,
532 645 668 682 cavetur,
690 650 728 672 ne
753 639 945 682 quicumque

204 693 375 727 tonstrinae
392 693 567 737 operarius,
583 703 647 735 seu,
662 698 695 725 nt
713 693 807 735 vulgo
821 692 944 734 dicitur,

202 756 349 790 yarzone,
367 746 420 790 qui
437 756 549 779 noram
572 745 757 779 tonstrinam
784 745 945 778 instituere

204 798 347 840 voluerit,
372 809 440 832 eam
466 799 589 844 aperire
614 799 729 843 possit,
759 798 817 831 nisi
843 798 945 830 taber-

202 862 274 885 nam
298 851 527 896 quinquaginta
558 852 665 885 eannis
696 862 862 884 mensurae
888 861 942 884 ro-

204 915 313 938 manae
337 905 376 938 ab
400 905 461 938 alia
481 916 680 949 quacumque
696 904 791 938 simili
817 904 944 937 taberna

202 958 342 992 tonsoria
368 958 534 992 distantem
559 958 731 1003 acceperit,
761 958 820 990 sub
845 960 945 1001 poena

202 1012 310 1045 decem
340 1017 501 1046 scutorum
528 1013 595 1045 auri
622 1011 882 1056 applicandorum
905 1011 943 1044 si-

202 1070 256 1098 eut
281 1065 310 1098 in
337 1065 474 1110 capitulo
509 1066 547 1099 de
579 1066 687 1110 poenis
721 1065 801 1098 inter
832 1069 944 1098 statuta

202 1118 341 1152 eiusdem
368 1119 443 1153 artis
467 1118 655 1163 disponitur.

246 1172 261 1215 ἓ
287 1172 316 1206 l.
341 1173 415 1206 Cum
440 1177 556 1212 autem,
582 1172 662 1205 sicut
686 1171 793 1204 eadem
821 1172 944 1216 exposi-

203 1225 246 1259 tio
271 1225 501 1268 subiungebat,
522 1236 577 1269 per
609 1225 766 1268 quoddam
793 1231 942 1258 statutum

203 1280 297 1314 Urbis
314 1280 504 1324 praedictae,
525 1279 627 1322 capite
648 1289 725 1312 XLnt
744 1279 815 1311 libri
837 1289 871 1312 111
888 1284 944 1313 sta-

202 1338 342 1367 tutorum
367 1333 466 1377 ipsius
492 1332 584 1366 Urbis
609 1332 813 1377 descriptum,
839 1333 942 1366 onmia

201 1391 324 1428 statuta,
342 1397 422 1431 quae
439 1386 608 1431 prohibent
622 1396 734 1419 novam
756 1387 941 1430 apothecam

201 1441 316 1485 aperiri
335 1451 435 1484 prope
452 1440 543 1473 aliam
562 1440 619 1473 nisi
638 1440 730 1473 distet
747 1440 785 1472 ab
803 1442 839 1473 ea
857 1446 942 1474 certo

202 1504 373 1527 cannarum
399 1504 532 1526 numero
558 1494 604 1526 vel
631 1493 752 1537 spatio,
781 1500 943 1527 cassentur

200 1554 230 1582 et
248 1547 490 1592 improbentur,
509 1557 643 1590 cumque
661 1558 755 1590 supra
782 1558 943 1591 expresso-

201 1612 271 1635 rum
291 1606 480 1634 statutorum
507 1600 738 1633 contrarietatis
766 1601 941 1643 occasione,

200 1656 273 1689 licet
297 1655 326 1688 in
353 1654 594 1688 confirmatione
629 1654 810 1698 primodicti
837 1656 941 1688 statuti

200 1719 217 1742 a
233 1708 397 1755 praedicto
418 1709 514 1741 Paulo
530 1708 552 1739 V
572 1708 816 1752 praedecessore
833 1714 941 1742 nostro

200 1763 344 1797 emanata
363 1766 555 1795 memoratae
569 1761 661 1795 Urbis
679 1763 800 1794 statutis
812 1761 940 1804 deroga-

202 1822 266 1849 tum
284 1815 390 1856 suerit,
406 1815 475 1848 lites
496 1819 526 1847 et
542 1815 718 1848 discordiae
737 1814 942 1848 nibilominus

201 1869 232 1903 in
257 1869 324 1902 dies
348 1869 511 1903 oriantur:
537 1868 627 1902 nobis
652 1873 822 1912 propterea
846 1868 940 1901 iidem

201 1929 392 1968 exponentes
418 1922 580 1955 humiliter
597 1921 767 1966 supplicari
790 1922 941 1963 fecerunt,

201 1982 234 2011 ut
257 1977 315 2010 sibi
333 1977 364 2010 in
381 1976 561 2021 praemissis
578 1981 756 2020 opportune
773 1975 941 2019 providere

201 2036 231 2064 et
255 2037 288 2065 ut
315 2031 395 2064 infra
419 2030 583 2073 indulgere
600 2030 638 2063 de
663 2029 854 2074 benignitate
871 2040 942 2074 apo-

201 2084 309 2118 stolica
334 2084 548 2127 dignaremur.

245 2138 260 2182 ἓ
284 2139 346 2172 Nos
372 2138 478 2181 igitur,
499 2138 583 2182 ipsos
605 2141 796 2181 exponentes
821 2137 941 2180 specia-

200 2191 281 2225 libus
305 2190 466 2225 savoribus
491 2196 520 2223 et
544 2190 652 2233 gratiis
673 2190 821 2234 prosequi
841 2191 942 2223 volen-

202 2251 256 2288 tes,
281 2250 437 2278 eteorum
460 2244 634 2286 singulares
660 2254 811 2288 personas
836 2254 853 2276 a
877 2244 942 2287 qui-

200 2298 307 2332 busvis
340 2297 697 2337 excommunicationis,
726 2297 941 2341 suspensionis

201 2357 231 2386 et
244 2351 411 2393 interdicti,
433 2351 563 2395 aliisque
585 2351 802 2384 ecclesiasticis
823 2356 942 2383 senten-

202 2406 260 2447 tiis,
280 2405 421 2439 censuris
446 2411 476 2437 et
500 2405 619 2449 poenis,
636 2416 652 2437 a
670 2405 737 2437 iure
762 2405 808 2437 vel
834 2405 872 2436 al)
890 2405 942 2437 lio-

202 2460 296 2502 mine,
321 2459 430 2504 quavis
456 2459 618 2492 occasione
638 2459 683 2491 vel
702 2461 794 2491 eausa
820 2459 898 2497 latis,
917 2459 940 2491 si

202 2512 315 2556 quibus
340 2511 577 2556 quomodolibet
605 2511 771 2544 innodatae
795 2511 941 2551 existunt,

203 2566 240 2600 ad
264 2566 408 2600 effectum
427 2565 638 2610 praesentium
657 2564 817 2597 dumtaxat
837 2575 942 2598 conse-

288 2629 362 2657 liutl.
386 2629 467 2656 nom.
484 2644 516 2647 -ᾼ
540 2628 597 2655 rot.
614 2627 688 2655 ΧΠ.
839 2627 873 2655 36

1018 164 1059 186 ru
1086 164 1134 186 PP.
1634 153 1691 185 2⁸31
1744 164 1790 187 aa.

981 211 1153 254 quendum,
1175 212 1286 243 harum
1309 212 1388 244 serie
1410 211 1606 244 absolventes
1628 216 1655 243 et
1673 210 1723 242 ab—

982 265 1099 298 solutas·
1120 265 1185 298 fore
1204 270 1375 303 censentes,
1393 275 1515 298 necnon
1535 268 1721 298 statutorum

982 318 1216 361 praedictorum
1238 324 1267 350 ct
1284 318 1459 350 litterarum
1479 318 1720 362 apostolicarum

980 382 1075 414 super
1110 372 1236 404 illorum
1274 372 1513 404 confirmatione
1550 371 1723 414 respective

980 430 1194 457 emanatarum
1213 430 1335 457 tenores
1361 430 1387 456 et
1409 425 1494 457 datas
1512 425 1605 457 etiam
1623 425 1722 457 verio-

980 488 1030 511 res
1043 478 1260 522 praesentibus
1277 488 1334 521 pro
1356 479 1446 521 plene
1476 482 1505 511 et
1530 478 1722 511 sufficienter

980 531 1135 576 expressis
1164 531 1337 571 habentes,
1363 531 1541 564 huiusmodi
1571 531 1723 574 supplica-

980 584 1116 617 tionibus
1142 584 1419 623 inclinati,omnes
1444 589 1474 615 et
1491 583 1627 625 singulas
1653 583 1721 615 lites

980 648 1085 671 coram
1112 637 1274 681 quibusvis
1300 636 1454 669 iudicibus
1474 636 1503 667 in
1523 647 1721 679 quacumque

980 691 1126 723 instantia
1152 701 1246 733 super
1271 689 1433 722 tonstrinis
1459 689 1518 721 iam
1537 689 1649 721 erectis
1675 691 1720 722 rel

979 743 1139 786 erigendis
1164 743 1243 775 infra
1269 742 1403 786 spatium
1430 752 1601 775 cannarum
1632 743 1721 785 quin-

980 797 1128 843 quaginta
1142 806 1224 829 nunc
1235 795 1407 840 pendentes
1418 796 1566 839 (quorum
1579 795 1720 827 omnium

979 855 1093 884 statum
1120 856 1149 882 et
1175 849 1305 889 merita,
1332 848 1524 891 nominaque
1549 853 1578 880 et
1603 858 1720 891 cogno-

981 904 1063 936 mina
1088 903 1226 936 iudicum
1259 908 1288 935 et
1321 901 1582 944 collitigantium,
1609 905 1638 933 et
1662 900 1722 933 alia

980 956 1071 989 etiam
1086 955 1213 1000 speciali
1231 954 1434 999 expressione
1451 954 1554 996 digna,
1579 964 1722 997 praesen-

980 1010 1063 1042 tibus
1088 1008 1195 1042 itidem
1221 1019 1279 1053 pro
1303 1009 1394 1052 plene
1417 1013 1446 1040 et
1463 1007 1653 1040 sufficienter
1674 1018 1722 1039 ex-

978 1062 1095 1106 pressis
1128 1061 1304 1105 babemus),
1329 1060 1499 1105 apostolica
1524 1060 1720 1100 auctoritate,

979 1114 1160 1148 earumdem
1186 1119 1296 1147 tenore
1320 1113 1544 1158 praesentium,
1566 1112 1720 1155 extingui-

980 1180 1058 1202 mus.
1094 1169 1274 1202 Mandantes
1311 1168 1342 1201 in
1377 1167 1581 1212 praeteritum
1622 1177 1721 1210 usque

979 1223 1016 1255 ad
1043 1223 1182 1267 ipsarum
1207 1222 1310 1255 datam
1336 1221 1549 1266 praesentium
1575 1221 1652 1253 nihil
1678 1221 1721 1253 in-

977 1278 1097 1311 novari.

1022 1331 1036 1375 g
1061 1330 1090 1364 3.
1108 1330 1150 1364 De
1167 1334 1272 1364 cetero
1293 1335 1396 1363 autem
1415 1329 1640 1374 primodictum
1660 1341 1720 1362 me-
1757 1341 1919 1366 cannamom-

978 1390 1118 1418 moratae
1142 1385 1219 1418 artis
1236 1388 1385 1418 statutum
1403 1383 1512 1417 eatdem
1535 1383 1719 1417 auctoritate
1736 1368 1849 1414 illidii-,¹⁸¹³
1878 1371 1919 1388 ³¹²¹*

977 1439 1080 1472 denuo
1106 1439 1331 1472 confirmamus
1357 1442 1386 1472 et
1409 1437 1633 1482 approbamus,
1658 1438 1719 1470 illi—

977 1504 1037 1536 que
1062 1492 1250 1525 inviolabilis
1274 1491 1465 1535 apostolicae
1490 1491 1648 1524 firmitatis
1674 1502 1721 1524 ro-

977 1547 1038 1578 bur
1062 1546 1237 1587 adiicimus,
1258 1556 1293 1578 ac
1314 1555 1424 1578 omnes
1441 1548 1470 1579 et
1485 1545 1624 1588 singulos
1644 1545 1720 1578 iuris

977 1605 1006 1632 et
1032 1600 1101 1632 sacti
1127 1599 1276 1640 desectus,
1298 1599 1322 1631 si
1347 1598 1400 1642 qui
1426 1598 1562 1642 desuper
1586 1609 1719 1642 quomo-

976 1653 1093 1686 dolibet
1117 1652 1368 1698 ,intervenerinss
1393 1652 1588 1696 supplemus,
1615 1652 1719 1684 illuni-

976 1717 1036 1750 que
1060 1705 1220 1750 perpetuis
1251 1705 1365 1738 futuris
1399 1705 1595 1749 temporibus
1620 1705 1718 1738 invio-

976 1760 1035 1793 late
1061 1759 1224 1792 observari
1251 1759 1406 1792 iubemus.

1019 1813 1034 1856 ξ
1053 1812 1082 1845 2.
1101 1813 1310 1846 Decernentes
1330 1813 1453 1845 easdem
1475 1818 1655 1856 praesentes
1672 1813 1718 1845 lit-

976 1873 1057 1900 teras
1082 1877 1207 1910 semper
1232 1866 1349 1906 firmas,
1375 1865 1494 1899 validas
1519 1871 1549 1899 et
1577 1867 1718 1899 efficaces

975 1920 1109 1953 existere
1137 1926 1167 1952 et
1193 1921 1269 1959 sore,
1295 1931 1331 1953 ac
1369 1920 1450 1959 illis,
1479 1919 1516 1951 ad
1541 1930 1620 1963 quos
1649 1931 1718 1963 spe-

976 1979 1036 2007 ctat
1070 1979 1099 2006 et
1131 1983 1189 2017 pro
1221 1978 1363 2017 tempore
1401 1973 1569 2016 spectabit,
1595 1973 1716 2016 plenis-

976 2027 1054 2060 sime
1071 2026 1250 2070 suffragari,
1274 2026 1382 2071 sicque
1408 2026 1437 2058 iu
1463 2026 1644 2069 praemissis
1663 2036 1719 2069 per

975 2091 1192 2125 quoscumque
1225 2080 1343 2113 iudices
1372 2080 1551 2113 ordinarios
1580 2084 1609 2114 et
1634 2079 1718 2112 dele-

975 2139 1081 2178 gatos,
1106 2134 1199 2167 etiam
1229 2144 1394 2167 causarum
1421 2133 1527 2177 palatii
1553 2133 1718 2176 apostolici

975 2188 1144 2230 auditores,
1160 2187 1291 2220 iudicari
1316 2192 1347 2220 et
1371 2187 1495 2220 deliniri
1521 2186 1658 2225 debere,
1683 2196 1719 2218 ac

977 2242 1100 2275 irritum
1133 2246 1162 2276 et
1194 2242 1304 2281 inane,
1338 2241 1363 2274 si
1394 2252 1484 2275 secus
1509 2251 1605 2283 super
1630 2240 1677 2272 liis
1702 2250 1719 2272 a

975 2306 1146 2339 quoquam,
1171 2295 1281 2338 quavis
1304 2295 1501 2333 auctoritate,
1519 2294 1653 2327 scienter
1672 2294 1716 2325 rel

977 2350 1168 2392 ignoranter,
1182 2349 1351 2392 contigerit
1368 2347 1522 2381 attentari.

1020 2405 1033 2445 ξ
1059 2403 1087 2436 Γ).
1106 2403 1172 2436 'Non
1197 2402 1396 2435 obstantibus
1415 2402 1515 2434 litium
1535 2400 1715 2434 liuiustuodi
1733 2407 1916 2455 Ιῃῐΐὶιῖζῡε-ῑῑωυ-

975 2456 1154 2501 pendentia,
1171 2456 1302 2499 aliisque
1328 2455 1520 2499 praemissis,
1546 2464 1581 2487 ao
1606 2454 1718 2487 consti·
1752 2448 1757 2455 ⁸
1795 2450 1810 2454 ‘⁴

977 2510 1146 2544 tutionibus
1180 2515 1209 2541 et
1241 2507 1492 2541 ordinationibus
1523 2507 1715 2551 apostolicis,

975 2574 1096 2598 necnon
1128 2562 1312 2608 praedicto,
1337 2561 1420 2606 quod
1448 2561 1549 2606 capite
1579 2571 1654 2595 xLiu
1679 2560 1715 2593 li-

1811 161 1827 185 t]
1858 160 1923 188 1657

1806 1821 1918 1842 Decretum

1735 1855 1746 1868 u
1754 1850 1826 1868 ritaus.
