2263 3215
251 186 299 213 An.
318 185 346 214 c.
366 185 436 215 1656
481 177 546 212 250

321 248 436 275 Derogatio

253 276 414 297 contrariorum.

290 1577 431 1599 Prooemium.

300 2218 428 2240 Facultatcm
444 2222 456 2238 a

273 2252 367 2266 censuris
386 2244 457 2267 absul-

274 2273 335 2293 vesstli
376 2277 458 2298 011154‘0·

273 2305 320 2324 puin
331 2299 457 2320 Netum-wn-

273 2332 316 2346 sem
333 2332 409 2346 nuncio
422 2332 458 2347 iin-

273 2356 384 2379 partimur.

496 235 556 280 53.
582 236 650 270 Non
670 236 867 271 obstantibus
891 239 1080 283 apostolicis,
1100 250 1136 274 ac
1160 240 1190 273 in

453 288 683 322 universalibus
707 290 1015 336 provincialibusque
1039 297 1069 325 et
1093 303 1189 337 syno-

452 340 574 374 dalibus
603 342 743 375 conciliis
777 343 888 385 editis,
918 345 1118 387 generalibus
1144 346 1191 378 vel

454 393 976 441 specialibus,constitutionibus-et
991 397 1193 431 ordinationi-

453 447 522 488 bus,
540 448 715 492 ccterisque
740 449 905 482 contrariis
930 450 1192 495 quibuscumque.

498 501 609 534 Datum
635 502 763 544 Romae,
788 503 870 546 apud
895 503 923 536 S.
950 504 1077 538 Mariam
1103 505 1194 538 Maio-

454 564 534 595 rem,
552 554 609 586 sub
633 555 748 589 annulo
775 556 951 598 piscatoris,
962 557 1011 590 die
1025 567 1088 592 xxx
1109 564 1194 592 octo-

454 607 520 640 bris
545 617 681 651 imcnvi,
707 609 907 652 pontificatus
932 611 1032 644 nostri
1057 621 1138 645 anno
1164 621 1194 644 ιι.

491 670 548 698 Dat.
571 671 614 698 die
633 671 667 699 30
686 672 805 700 octobris
826 672 903 707 1656,
924 673 1019 708 pontif.
1045 681 1115 701 anno
1136 680 1162 700 11.

456 760 608 804 Sequitur
624 760 764 803 facultas
788 761 908 794 nuncio
931 761 1094 794 Franciae
1117 762 1197 794 rela-

500 812 606 846 xandi
621 813 862 857 suspensionem
879 815 1022 858 episcopo
1039 815 1118 847 olim
1134 815 1196 848 Ne-

501 867 667 899 mausensi
701 867 886 909 incursum,
912 868 993 911 quia
1024 868 1197 913 deputatus

502 930 522 952 α
537 920 670 953 vicariis
682 921 922 964 capitularibus
939 921 1086 954 ecclesiae
1099 922 1198 955 Pari-

502 974 627 1013 siensis,
642 974 736 1007 illius
756 974 825 1007 sede
841 975 1114 1020 archiepiscopali
1134 985 1199 1008 non

504 1031 655 1069 vacante,
681 1027 806 1061 ordines
836 1028 918 1061 inibi
942 1028 1099 1071 contulit,
1125 1039 1199 1062 eum

504 1080 752 1124 dispensatione.

459 1160 631 1188 Venerabili
650 1160 739 1188 fratri
759 1161 858 1188 Caelio
889 1161 1115 1196 archiepiscopo
1136 1161 1201 1190 Coe-

495 1213 607 1237 sareae,
624 1206 702 1240 apud
720 1205 908 1233 carissimum
927 1206 958 1234 in
974 1206 1090 1234 Christo
1106 1207 1200 1234 filium

495 1253 634 1278 nostrum
673 1251 854 1278 Ludovioum
892 1251 1069 1279 Francorum
1101 1259 1201 1287 regem

496 1294 784 1322 christianissimum
795 1298 897 1323 nostro
909 1299 940 1323 et
954 1296 1140 1330 apostolicae
1159 1304 1201 1324 se-

497 1339 541 1366 dis
560 1340 680 1373 nuncio,

656 1394 823 1421 Alexander
843 1395 922 1429 Papa
944 1396 1005 1422 VH.

678 1456 866 1484 Venerabilis
877 1457 980 1490 frater,

499 1502 628 1528 salutem
649 1504 681 1528 et
701 1501 896 1534 apostolicam
919 1501 1166 1530 benedictionem.

509 1572 524 1616 §
548 1571 577 1604 1.
596 1571 683 1612 Cum,
701 1571 782 1605 sicut
805 1572 996 1616 accepimus,
1018 1572 1205 1606 venerabilis

464 1625 560 1658 frater
581 1626 733 1658 Antonius
750 1625 926 1669 Dionysius,
944 1625 1113 1669 episcopus
1130 1626 1205 1659 olim

464 1678 695 1720 Nemausense,
708 1679 782 1712 alias
795 1689 851 1722 per
865 1684 939 1712 tunc
949 1679 1115 1713 existentes
1129 1679 1207 1713 vica-

464 1733 529 1766 rios
546 1733 735 1776 capitulares
749 1732 899 1766 ecclesiae
915 1732 1108 1775 Parisiensis,
1124 1732 1207 1767 illius

466 1786 538 1820 sede
558 1785 819 1830 archiepiscopali
840 1785 970 1819 minime
1001 1791 1129 1819 vacante
1143 1813 1151 1828 ,
1169 1787 1207 1819 ad

465 1839 593 1873 ordines
616 1840 648 1872 in
673 1839 795 1874 civitate
820 1843 849 1873 ct
879 1839 1015 1873 dioecesi
1043 1839 1208 1873 Parisiensi

467 1893 673 1926 conferendos
710 1893 845 1926 indebite
876 1893 1053 1937 deputatus,
1083 1893 1209 1926 ordines

466 1946 648 1981 huiusmodi
669 1947 744 1980 inibi
770 1947 948 1988 contulerit,
970 1947 1208 1990 suspensionem

467 2006 637 2045 propterea
673 2011 689 2034 a
725 2000 952 2045 pontificalium
984 2000 1132 2033 exercitio
1156 2001 1206 2033 in-

469 2054 625 2088 currendo
641 2082 648 2095 ‚
673 2058 723 2095 ct,
755 2054 828 2098 quia
861 2054 993 2087 subinde
1018 2054 1210 2098 pontificalia

470 2111 500 2142 et
521 2107 579 2140 alia
607 2107 651 2141 sic
680 2107 840 2151 suspensis
867 2107 1031 2140 interdicta
1051 2107 1210 2149 excreuit,

470 2160 564 2198 etiam
591 2160 855 2204 irregularitatem
880 2160 1113 2193 contrahendo:

517 2215 532 2258 ξ
556 2214 585 2247 2.
611 2215 694 2255 Nos,
728 2213 867 2247 ciusdem
893 2214 1031 2258 episcopi
1056 2213 1148 2247 statui
1181 2213 1211 2246 in

472 2268 653 2313 praemissis
667 2278 724 2312 pro
742 2269 872 2312 paterna
897 2269 1006 2300 nostra
1031 2278 1106 2311 erga
1124 2267 1211 2300 illum

473 2321 689 2354 benevolentia
710 2326 891 2365 opportune
918 2321 1083 2354 consulere
1107 2321 1212 2354 volen-

473 2380 530 2416 tes,
557 2374 742 2408 fraternitati
770 2380 849 2417 tuae,
875 2374 976 2408 cidem
1002 2375 1163 2419 episcopo,
1188 2375 1212 2408 si

476 2428 535 2461 lioc
555 2438 572 2460 a
591 2433 618 2460 tc
644 2427 806 2460 humiliter
823 2427 959 2471 petierit,
977 2427 1213 2472 suspensionem

475 2482 691 2525 praedictam,
717 2481 861 2525 imposita
887 2481 931 2514 illi
956 2481 1059 2526 aliqua
1084 2480 1214 2515 arbitrio

477 2541 530 2567 tuo
556 2535 748 2578 poenitentia
772 2534 921 2575 salutari,
949 2535 1134 2569 auctoritate
1159 2545 1214 2568 no-

477 2589 540 2620 stra
566 2587 739 2629 relaxandi,
765 2598 886 2622 necnon
911 2598 981 2622 cum
1007 2589 1116 2622 eodeni
1146 2589 1212 2633 epi-

1034 190 1213 217 BULLARIUM
1238 191 1391 218 ROMANUM

1224 251 1321 285 scopo
1346 251 1439 286 super
1463 242 1704 285 irregularitate,
1725 253 1762 277 eo
1778 244 1863 287 quod
1887 254 1964 288 pon-

1225 294 1350 328 tificalia
1374 300 1404 327 et
1435 294 1495 327 alia
1531 295 1575 328 sic
1606 296 1765 339 suspensis
1799 296 1963 330 interdicta

1225 347 1365 380 exercuit
1382 357 1438 390 per
1455 357 1525 380 eum
1540 348 1776 392 quomodolibet
1793 351 1964 391 contracta,

1226 399 1336 432 eadem
1357 400 1543 434 auctoritate
1567 401 1776 445 dispensandi,
1793 402 1917 446 plenam
1935 408 1965 436 et

1227 453 1362 496 amplam
1383 453 1570 494 facultatem,
1590 454 1775 488 auctoritate
1795 455 1964 499 praedicta,

1228 509 1336 538 tenore
1362 506 1574 549 praesentium
1589 534 1597 547 ‚
1623 506 1824 541 concedimus
1849 512 1879 541 et
1901 507 1962 540 im-

1228 559 1391 602 pertimur.

1274 613 1288 656 g
1311 611 1341 645 3.
1363 613 1430 646 Non
1456 613 1651 646 obstantibus
1675 614 1866 658 apostolicis,
1883 613 1968 648 acin

1229 665 1458 699 universalibus
1479 666 1787 710 provincialibusque
1800 672 1830 700 et
1842 667 1969 712 synoda-

1230 717 1311 750 libus
1335 717 1476 751 conciliis
1494 717 1594 759 editis,
1615 719 1814 762 generalibus
1831 720 1879 752 vel
1898 729 1968 763 spe-

1230 770 1371 811 cialibus,
1382 770 1656 805 constitutionibus
1670 777 1700 805 et
1709 771 1970 814 ordinationibus,

1232 824 1407 868 ceterisque
1428 825 1594 858 contrariis
1614 825 1876 870 quibuscumque.

1277 879 1387 911 Datum
1422 879 1539 912 Romae
1563 879 1645 923 apud
1670 878 1698 913 S.
1724 879 1852 912 Mariam
1877 879 1971 913 Maio-

1232 941 1310 974 rem,
1332 931 1390 964 sub
1407 932 1522 965 annulo
1539 932 1717 973 Piscatoris,
1737 932 1787 965 die
1803 942 1866 965 xxx
1885 937 1971 966 octo-

1233 983 1298 1018 bris
1318 983 1464 1025 MDCLV1¹‚
1484 984 1685 1028 pontificatus
1707 984 1806 1018 nostri
1823 995 1904 1018 anno
1921 995 1953 1018 11.

1269 1047 1327 1074 Dat.
1345 1047 1388 1075 die
1405 1047 1438 1074 30
1455 1048 1575 1075 octobris
1591 1048 1677 1082 1656,
1695 1048 1794 1083 pontif.
1811 1055 1854 1075 an.
1871 1055 1902 1075 ιι.

1565 1191 1646 1224 CXL.

1234 1271 1411 1314 Depututio
1435 1271 1640 1304 internuncii
1668 1271 1778 1314 Belyii
1806 1271 1844 1304 in
1867 1281 1977 1305 execu—

1282 1329 1380 1358 torem
1405 1324 1525 1358 Bullae
1548 1324 1603 1358 SS.
1636 1324 1675 1357 D.
1703 1324 1742 1357 N.
1767 1325 1827 1368 qui
1861 1324 1977 1368 confir-

1279 1379 1381 1412 mavit
1419 1377 1557 1411 Bullam
1596 1377 1784 1411 Innocentii
1817 1378 1848 1411 X
1883 1388 1980 1422 super

1280 1431 1468 1473 definitione
1492 1432 1637 1475 quinque
1659 1431 1919 1474 propositionum
1941 1431 1983 1466 in

1281 1485 1421 1518 materiei
1455 1483 1532 1526 fidei
1563 1483 1726 1517 occasione
1757 1484 1980 1528 impressionis

1283 1538 1362 1570 libri
1383 1537 1527 1572 Cornelii
1539 1537 1690 1571 Iansenii
1709 1537 1850 1581 episcopi
1867 1537 1982 1582 [pren-

1282 1592 1336 1634 sis,
1362 1591 1414 1624 cui
1439 1591 1557 1624 titulus
1582 1595 1626 1624 est
1651 1591 1844 1634 Augustinus
1856 1591 1875 1624 ².

1408 1671 1522 1699 Dilecto
1542 1672 1603 1699 filio
1624 1671 1813 1706 Hieronymo,

1326 1716 1426 1744 abbati
1446 1716 1475 1743 S.
1498 1715 1610 1754 Mariae
1630 1715 1741 1743 Montis
1762 1715 1890 1751 Regalis.

1434 1770 1603 1797 Alexander
1623 1770 1703 1804 Papa
1722 1770 1785 1802 vlt,

1514 1832 1628 1860 Dilecto
1647 1832 1702 1864 fili,

1279 1877 1408 1905 salutem
1430 1879 1460 1904 et
1481 1876 1676 1910 apostolicam
1695 1876 1946 1906 benedictionem.

1288 1948 1302 1991 ἓ
1327 1947 1354 1980 l.
1381 1948 1490 1991 Nuper
1514 1946 1780 1989 constitutionem,
1797 1947 1982 1982 declaratio-

1244 2054 1379 2088 dationis
1394 2054 1566 2088 innocentii
1582 2054 1682 2099 Papae
1694 2056 1718 2088 X
1731 2055 1984 2099 praedecessoris

1244 2108 1343 2141 nostri
1360 2107 1462 2152 pridie
1476 2103 1716 2141 kalendasiunii
1731 2118 1849 2143 Mocmu
1861 2109 1985 2154 expedi-

1246 2161 1294 2202 tis,
1319 2171 1375 2205 per
1396 2171 1474 2204 quas
1494 2161 1562 2205 ipse
1578 2162 1778 2195 Innocentius
1805 2161 1987 2206 praedeces-

1246 2225 1308 2255 sor,
1327 2213 1491 2248 occasione
1506 2214 1724 2259 impressionis
1744 2215 1816 2248 libri
1838 2215 1888 2249 cui
1912 2215 1986 2250 titu-

1246 2269 1295 2302 lus
1305 2268 1511 2312 Auyustinus
1529 2269 1664 2303 Cornelii
1689 2269 1822 2302 Iansenii
1847 2269 1987 2314 episcopi

1248 2322 1394 2368 iprensis,
1409 2323 1549 2367 quinque
1565 2323 1798 2367 propositiones
1811 2323 1842 2356 in
1857 2323 1987 2358 materia

1286 2422 1295 2446 t
1320 2419 1371 2446 Ed.
1395 2419 1475 2446 Main.
1493 2419 1575 2447 habet
1594 2420 1628 2446 29
1647 2419 1761 2447 ianuarii
1782 2426 1886 2453 noem,
1904 2427 1937 2447 an
1958 2426 1988 2454 it,

1248 2471 1316 2499 quae
1341 2463 1452 2491 minime
1481 2464 1629 2491 cohaerent
1657 2471 1706 2491 nec
1735 2463 1806 2491 inter
1834 2473 1873 2499 se,
1900 2471 1988 2500 neque

1248 2516 1307 2535 eum
1321 2508 1554 2543 praecedentibus.
1569 2509 1664 2544 Itaque
1676 2508 1829 2544 putavimus
1843 2509 1988 2544 legendum

1248 2560 1298 2579 xxx
1318 2553 1437 2580 octobris
1457 2561 1501 2580 au.
1522 2559 1538 2580 n
1558 2554 1596 2585 (ii.
1613 2556 1661 2585 r).

1283 2599 1298 2624 2
1319 2598 1356 2625 Ex
1376 2598 1483 2633 liegest.
1505 2598 1532 2624 in
1551 2598 1653 2626 Secret.
1674 2597 1750 2625 Brev.

2156 666 2165 673 ,
2150 566 2170 613 ³3>
2148 439 2172 520 ry·-

2055 619 2170 663 comiit
2200 634 2203 666 3

1983 655 2058 678 reiicit.

1243 2011 1314 2034 nem
1329 2006 1360 2034 et
1373 2001 1587 2035 definitionem
1601 2001 1632 2034 in
1646 2001 1759 2036 litteris
1772 2001 1870 2036 felicis
1881 2012 1984 2036 recor-
1997 1983 2160 2058 ἓῑιῗξξῗῖυιιῖἅπ
2206 2045 2207 2052 ¹
