2243 3205
65 238 112 263 An.
128 234 157 262 C.
182 234 246 261 1058

96 560 243 584 'si-ancumplo-

66 593 108 608 Iuni
124 586 181 606 fides.

78 2420 155 2451 *Tener
164 2424 244 2449 expo-t·

69 2449 128 2469 tuoni·
151 2453 171 2470 ot
197 2456 245 2476 sup-

69 2475 182 2500 plicationis
203 2483 244 2497 mo-

69 2501 177 2523 nat-harum
213 2503 244 2524 Cu·

69 2528 215 2550 tutelensium.

853 234 1040 258 ALEXANDER
1066 234 1108 257 VH
1134 234 1181 257 ΙΨ.

258 281 420 322 habentes,
438 282 499 315 illis
513 282 588 316 alias
603 293 634 315 in
651 293 709 316 suo
728 283 843 316 robore
860 291 1004 326 perman-

259 335 351 375 suris,
370 334 407 367 ad
428 336 675 378 praemissorum
693 336 849 376 effectum,
864 335 922 368 hac
937 335 1003 368 vice

257 388 437 430 dumtaxat,
470 389 650 433 specialiter
674 396 704 422 et
730 400 876 434 expresse
904 389 1002 422 dero-

257 452 382 484 gamus3
409 442 585 486 ceterisque
610 442 776 476 contrariis
801 442 1003 486 quibuscum-

259 505 330 538 que.

303 547 318 590 ἓ
348 547 378 580 3.
412 548 563 581 Volumus
595 554 699 581 autem
732 548 816 592 quod
847 558 1002 593 pauperes

259 600 376 642 clerici,
401 602 453 645 qui
475 601 506 634 in
524 601 698 635 redditibus
715 612 778 635 non
801 601 916 635 habent
942 601 1002 635 nisi

259 654 374 687 victum
410 655 644 697 necessarium,
671 655 708 688 ad
734 656 1000 689 contribuendum

259 707 388 740 minime
413 708 652 752 compellantur.
671 709 837 742 Praeterea
857 709 1001 743 volumus

260 767 292 793 ut
307 761 520 804 praesentium
536 762 752 806 transumptis,
764 772 856 795 manu
870 762 1002 796 alicuius

259 814 373 847 notarii
396 814 515 858 publici
533 815 728 859 subscriptis,
750 822 780 849 et
799 827 953 860 personae
971 816 1001 849 in

259 868 411 910 dignitate
435 869 646 903 ecclesiastica
677 870 863 904 constitutae
897 870 1002 913 sigillo

260 921 398 961 munitis,
423 921 531 955 eadem
557 933 688 966 prorsus
708 923 786 956 fides
803 923 1001 965 adhibeatur,

259 985 338 1017 quae
362 975 581 1018 praesentibus
606 975 821 1017 adhiberetur,
850 976 875 1009 si
900 977 1003 1010 forent

260 1027 414 1060 exhibitae
440 1028 486 1061 vel
512 1033 664 1062 ostensae.

302 1081 413 1114 Datum
439 1082 555 1115 Romae
584 1083 667 1126 apud
692 1084 721 1117 S.
752 1083 878 1117 Mariam
905 1084 1000 1117 Maio-

261 1144 325 1166 rem
352 1134 411 1167 sub
430 1135 545 1168 annulo
571 1135 753 1177 piscatoris,
778 1137 827 1170 die
856 1147 899 1170 vn
924 1137 1001 1170 iunii

260 1198 409 1230 MDchni,
428 1190 628 1233 pontificatus
652 1191 751 1223 nostri
777 1201 858 1224 anno
877 1202 918 1224 lv.

294 1252 354 1278 Dat.
377 1251 421 1279 die
441 1253 454 1279 7
476 1252 542 1279 iunii
564 1253 641 1287 1658,
664 1254 900 1298 poutifiann01r.

557 1396 703 1429 cxcviii.

262 1475 472 1517 Confirmatio
505 1475 624 1508 decreti
659 1476 786 1509 domini
821 1477 1002 1510 cardinalis

302 1529 490 1571 protectoris
525 1530 784 1572 confarreationis
820 1530 1002 1574 Hispaniae

306 1581 441 1615 Ordinis
461 1583 690 1621 (isterciensis,
712 1588 747 1616 itt
771 1584 915 1617 eiusdem
933 1595 1002 1618 con-

303 1636 504 1678 yreqati‘one's
529 1637 691 1677 monachi,
712 1638 769 1681 qai
785 1638 936 1681 supplent
954 1639 999 1671 ri-

304 1699 351 1721 ces
384 1689 605 1729 visitatorum,
640 1695 832 1733 procurator
859 1691 997 1733 fiscalis,

301 1745 528 1786 procuratores
552 1743 717 1785 qeneralvs
748 1745 858 1776 curiae
884 1745 1001 1777 Roma-

303 1803 364 1825 nae
388 1798 416 1825 et
441 1794 551 1826 curiae
575 1794 661 1836 reglis
686 1794 848 1836 catholici,
875 1796 999 1829 cancel-

304 1847 409 1880 lariae
437 1847 689 1882 Vallisoletaiiae
713 1854 740 1882 et
764 1849 927 1883 auditorii
945 1851 1000 1885 Co-

302 1912 404 1934 runne
429 1902 567 1935 habeant
588 1903 640 1935 iiis
665 1903 871 1946 suffragandi
892 1905 929 1936 in
953 1915 1001 1937 ca-

302 1954 420 1997 pitulis
452 1955 676 1997 neumatibus,
711 1967 748 1989 ac
773 1961 939 2000 promotor
962 1957 999 1999 fi-

302 2008 399 2040 scalis
415 2008 544 2041 intersit
561 2009 716 2052 capitulis
733 2011 948 2051 intermediis,
973 2016 999 2044 et

302 2061 411 2094 electio
435 2061 643 2105 reelectioque
661 2063 905 2106 praedictorum
929 2076 1000 2110 pro-

301 2118 490 2147 curatorum
520 2115 566 2147 sic
594 2116 755 2158 pertineat
786 2117 829 2149 ad
854 2117 1000 2160 definito-

301 2166 408 2206 rium,
435 2171 471 2199 ut
496 2167 582 2200 altas
606 2168 656 2200 ius
681 2168 858 2212 sufsrayari
883 2170 999 2204 habere

301 2230 367 2252 ‘non
390 2219 542 2262 possint&

453 2301 619 2329 Alexander
642 2302 720 2336 Papa
740 2303 803 2337 VII,

401 2345 436 2372 ad
453 2345 584 2372 futuram
604 2346 647 2373 rei
668 2347 849 2375 memoriam.

304 2417 319 2460 g
344 2416 372 2450 1.
399 2417 519 2461 Exponi
545 2417 634 2451 nobis
665 2429 765 2462 nuper
791 2419 929 2452 fecerunt
954 2419 999 2452 di-

260 2471 330 2503 lecti
357 2471 410 2503 lilii
437 2471 576 2504 Andreas
601 2471 638 2504 de
663 2472 783 2514 ixx-atos,
811 2474 999 2506 reformator

260 2525 424 2568 generalis,
441 2530 467 2558 et
483 2525 664 2559 definitores
678 2527 931 2569 congregationis
946 2528 997 2561 lli-

299 2643 306 2668 l
331 2640 366 2667 Ex
389 2640 493 2674 neges-i.
515 2641 542 2668 in
563 2643 667 2668 Secret.
692 2641 767 2669 Brev.

1038 281 1162 324 spaniae
1188 281 1313 315 Ordinis
1334 282 1596 324 Cisterciensium,
1617 282 1700 325 quod
1718 281 1775 325 ipsi

1037 334 1112 367 alias
1125 334 1155 367 in
1170 335 1306 379 capitulo
1318 337 1456 378 generali
1470 336 1519 369 die
1531 347 1549 369 v
1563 336 1635 368 maii
1649 346 1775 375 amomi,

1038 392 1066 419 et
1091 387 1223 420 subinde
1248 387 1279 420 in
1305 388 1483 421 definitorio
1513 389 1612 421 dictae
1647 399 1777 431 congre-

1037 439 1170 482 gationis
1195 440 1245 473 die
1271 441 1380 473 ultima
1410 441 1540 474 ianuarii
1573 452 1699 475 MDCLVll
1725 452 1776 474 re-

1037 493 1172 537 spective
1198 493 1333 533 habitis,
1365 494 1446 527 inter
1483 495 1542 527 alia
1580 495 1616 528 ad
1657 495 1774 528 bonum

1037 547 1291 590 congregationis
1327 547 1506 582 huiusmodi
1539 549 1681 592 regimen
1712 559 1778 592 spe-

1036 601 1159 640 ctantia,
1174 604 1359 641 statuerunt,
1370 601 1508 634 eiusdem
1522 602 1777 645 congregationis

1036 654 1199 687 monachis
1217 654 1463 698 suppletoribus,
1482 656 1545 688 sire
1566 656 1617 700 qui
1633 656 1777 699 supplent

1036 707 1118 740 vices
1143 707 1349 748 visitatorum,
1375 709 1551 752 promoturi
1577 709 1685 749 fiscali,
1708 720 1777 753 pro-

1036 761 1236 794 curatoribus
1260 761 1461 804 generalibus
1485 762 1591 795 curiae
1616 762 1775 795 Romanae

1036 820 1066 847 ct
1097 815 1202 848 curiae
1235 816 1320 858 regis
1352 816 1571 860 Hispaniarum
1609 816 1776 854 catholici,

1036 868 1241 901 cancellariae
1258 869 1496 902 Vallisoletanae
1514 876 1543 902 et
1560 869 1707 903 auditorii
1723 870 1778 903 Co-

1036 932 1133 955 runae
1158 922 1393 956 concedendurn
1419 934 1487 957 esse
1512 923 1560 956 ius
1585 923 1727 965 suffragii
1747 922 1778 955 in

1037 975 1182 1019 capitulis
1195 976 1395 1018 generalibus
1415 976 1670 1020 congregationis
1688 987 1778 1020 prae-

1036 1029 1136 1062 dictae
1150 1029 1297 1073 deinceps
1311 1030 1507 1063 celebrandis
1528 1031 1625 1063 instar
1642 1030 1776 1063 aliorum

1037 1083 1270 1128 capitularium,
1295 1091 1388 1129 atque
1413 1092 1445 1119 ut
1470 1093 1636 1130 promotor
1663 1086 1777 1119 fiscalis

1037 1137 1160 1170 intersit
1187 1137 1281 1170 etiam
1315 1138 1458 1182 capitulis
1490 1139 1710 1180 intermediis,
1742 1149 1776 1172 ac

1037 1190 1149 1224 electio
1174 1196 1204 1223 et
1229 1191 1378 1225 resolutio
1403 1192 1637 1236 praedictorum
1663 1203 1777 1236 procu-

1036 1249 1176 1276 ratorum
1203 1244 1246 1276 sic
1272 1244 1423 1288 pertineat
1451 1245 1600 1288 privative
1631 1245 1668 1277 ad
1694 1244 1773 1277 deli-

1036 1296 1207 1337 nitorium,
1239 1303 1271 1330 ut
1300 1298 1375 1330 alias
1409 1298 1456 1331 ius
1486 1298 1627 1341 suffragii
1662 1298 1777 1330 habere

1036 1359 1098 1382 non
1123 1350 1265 1393 possint:
1290 1350 1419 1391 deinde,
1446 1357 1478 1384 ut
1510 1351 1617 1384 eadem
1644 1361 1778 1394 congre-

1036 1403 1120 1445 gatio
1145 1404 1335 1437 liberaretur
1359 1415 1375 1437 a
1405 1405 1693 1438 contributionibus
1726 1416 1761 1437 ex

1036 1456 1254 1490 traordinariis
1287 1468 1366 1501 quac
1399 1458 1531 1501 singulis
1563 1459 1651 1492 annis
1677 1459 1776 1499 liunt,

1034 1521 1069 1543 ac
1094 1511 1132 1543 ab
1159 1511 1304 1554 expensis
1334 1512 1543 1556 capitulorum
1579 1513 1773 1556 generalium

1034 1569 1063 1595 ct
1088 1564 1368 1605 intermediorum,
1394 1569 1485 1610 atquc
1519 1571 1550 1598 ut
1582 1566 1775 1599 stabiliretur

1035 1616 1190 1650 redditus¹
1209 1628 1267 1661 pro
1283 1618 1507 1662 Complutensi,
1522 1619 1733 1653 Salamantino
1748 1625 1777 1652 et

1035 1670 1230 1704 Palazzuclos
1262 1672 1450 1715 nuncupatis
1481 1672 1622 1716 collegiis
1654 1684 1776 1707 memo-

1034 1729 1118 1757 ratae
1150 1725 1422 1768 congregationis,
1448 1735 1485 1758 ne
1511 1725 1689 1759 reddituum
1722 1738 1776 1759 ne-

1034 1777 1242 1810 cessariorum
1281 1777 1402 1810 defectu
1438 1778 1585 1812 exercitia
1624 1780 1776 1813 litteraria

1034 1831 1317 1872 imminuerentur,
1352 1832 1445 1864 iidem
1478 1839 1687 1877 exponenteS,
1723 1845 1775 1866 nc-

1035 1886 1117 1918 mine
1135 1885 1345 1929 discrepante,
1364 1886 1582 1930 definiverunt,
1608 1887 1692 1931 quod
1715 1899 1776 1920 mo-

1034 1939 1205 1972 nasterium
1230 1939 1259 1971 S.
1285 1939 1403 1972 Claudii
1436 1940 1465 1972 in
1494 1951 1592 1983 regno
1621 1941 1775 1974 Galleciac

1033 1992 1170 2036 positum
1198 1999 1244 2026 ter
1270 1992 1372 2034 mille,
1399 2004 1521 2027 necnon
1548 1994 1774 2027 monasterium

1033 2045 1070 2078 de
1096 2046 1197 2079 Melon
1231 2047 1486 2090 congregationis
1519 2047 1697 2090 praedictae
1729 2048 1775 2080 bi<

1034 2100 1118 2132 mille
1143 2099 1273 2133 ducatos
1292 2107 1436 2134 monetae
1459 2101 1624 2144 Hispaniae
1643 2101 1774 2144 singuli:

1033 2153 1121 2187 annis
1146 2155 1318 2197 respective
1347 2155 1469 2188 solvere
1499 2155 1652 2196 debeant,
1683 2167 1774 2195 cum,

1033 2207 1081 2240 liis
1099 2208 1191 2241 ctiam
1209 2208 1329 2249 solutis,
1348 2208 1481 2242 habeant
1499 2208 1600 2242 adhue
1619 2209 1774 2242 sufficien-

1034 2265 1078 2293 tes
1111 2260 1251 2293 rcdditus
1285 2261 1323 2294 ad
1355 2262 1567 2295 necessarium
1604 2273 1771 2295 numerum

1035 2314 1262 2347 monachorum
1291 2315 1456 2356 alendum3
1484 2322 1664 2360 practerea,
1690 2316 1772 2359 quod

1033 2377 1068 2399 ex
1096 2367 1251 2401 taxatione
1285 2369 1411 2412 antiqua
1441 2369 1567 2412 triginta
1600 2369 1696 2402 millia
1724 2381 1771 2401 re—

1033 2421 1148 2464 galium
1182 2422 1313 2464 singulis
1346 2423 1434 2455 annis
1459 2423 1683 2466 consignentur
1714 2434 1768 2456 ae-

1033 2475 1116 2508 rario
1150 2475 1249 2508 dictae
1281 2477 1535 2519 congregationis
1568 2477 1597 2508 in
1626 2483 1771 2520 sumptus

1032 2539 1213 2562 communes
1239 2529 1322 2562 mille
1348 2529 1450 2563 ducati
1469 2541 1559 2573 pares
1580 2530 1771 2564 monasterio

1070 2646 1076 2670 1
1099 2644 1157 2671 Edit
1186 2645 1261 2671 Malu.
1281 2646 1343 2679 tegit
1360 2646 1467 2673 rutilus
1483 2650 1519 2673 ta.
1537 2652 1584 2678 T.).

1681 224 1745 257 349
1792 233 1842 258 An.
1858 234 1885 259 c.
1909 235 1975 262 1658
