2202 3190
258 265 307 293 An.
324 265 352 292 C.
373 265 437 292 1661

487 256 550 289 74⁶2

456 314 721 347 excommunicari
758 318 933 356 nequeant,
957 314 1193 358 quomodolibet

456 366 628 405 concessis,
655 366 768 410 quibus
793 366 939 400 omnibus
960 371 988 399 et
1007 377 1115 400 eorum
1133 367 1194 400 sin-

455 419 547 461 gulis,
573 419 691 453 etiamsi
718 430 775 463 pro
800 420 963 453 sufficienti
989 420 1115 453 illorum
1141 420 1192 452 de-

456 472 619 514 rogatione
637 472 674 504 de
700 472 742 504 eis
768 472 971 516 ipsorumque
989 474 1060 506 totis
1079 472 1193 505 tenori-

456 525 525 567 bus,
544 525 704 568 specialis,
730 526 875 569 specifica
900 531 929 558 et
954 526 1122 567 individua,
1144 536 1194 557 ex-

457 589 575 621 pressa,
591 590 626 611 ae
640 579 677 611 de
692 579 789 611 verbo
803 578 840 611 ad
857 579 1000 623 verbum,
1011 589 1074 611 non
1091 584 1194 610 autem

456 641 512 675 per
547 632 710 674 generales
747 632 838 664 etiam
875 632 956 665 idem
991 633 1195 676 importantes

457 685 622 727 clausulas,
649 686 766 718 mentio
788 686 931 718 habenda
947 692 999 718 aut
1016 686 1074 718 alia
1093 686 1197 728 exqui-

456 739 513 770 sita
538 740 638 772 forma
663 739 855 772 observanda
880 740 969 779 soret,
991 745 1114 772 tenores
1138 739 1195 771 hu-

457 791 601 833 iusmodi,
626 803 662 825 ac
686 793 710 825 si
743 793 780 825 de
807 793 902 825 verbo
927 792 964 824 ad
991 792 1120 824 verbum
1147 791 1194 824 in-

455 846 530 878 serti
555 846 666 887 forent,
685 846 903 890 praesentibus
928 856 985 889 pro
1006 845 1196 879 sufficienter

456 900 612 943 expressis
642 905 671 931 et
692 900 815 932 insertis
841 899 999 940 babentes,
1018 899 1129 931 harum
1151 909 1195 931 se-

456 953 501 985 ric
536 953 712 996 specialiter
744 959 773 985 et
805 963 952 996 expresse
985 952 1194 995 derogamus3

457 1006 632 1050 ceterisque
657 1007 823 1039 contrariis
844 1006 1106 1050 quibuscumque.

1026 266 1204 291 BULLARIUM
1229 265 1383 290 ROMANUM

1227 314 1339 347 notarii
1361 313 1557 357 subscriptis,
1575 317 1605 345 et
1629 313 1731 355 sigillo
1749 312 1879 346 alicuius
1895 324 1963 358 per-

1228 377 1321 399 sonae
1339 366 1368 398 in
1382 366 1532 409 dignitate
1549 365 1757 399 ecclesiastiea
1779 366 1964 399 constitutae

1229 419 1366 458 munitis,
1384 419 1490 452 eadem
1511 429 1641 463 prorsus
1666 419 1742 452 fides
1767 418 1963 461 adhibeatur,

1229 484 1308 516 quae
1335 473 1555 516 praesentibus
1580 473 1691 505 litteris
1708 472 1921 513 adhiberetur,
1939 471 1965 505 si

1229 532 1370 559 ostensae
1395 527 1441 559 vel
1464 526 1620 559 exhibitae
1636 527 1748 559 forent.

1272 580 1382 612 Datum
1410 580 1537 621 Romae,
1563 579 1646 622 apud
1667 579 1696 612 S.
1716 578 1845 611 Mariam
1875 578 1967 612 Maio-

1231 643 1307 673 rem,
1322 633 1378 665 sub
1394 633 1508 666 annulo
1524 632 1700 673 Piscatoris‚
1713 632 1763 665 die
1777 642 1834 666 vul
1848 632 1967 665 decem-

1230 686 1294 718 bris
1319 696 1443 727 mnch1,
1462 686 1663 730 pontificatus
1684 686 1783 720 nostri
1811 696 1894 719 anno
1911 695 1965 721 vn.

1265 748 1322 775 Dat.
1342 748 1384 775 die
1399 748 1415 775 8
1435 748 1588 775 decembris
1611 749 1688 781 1661,
1710 748 1805 784 pontif.
1827 756 1899 776 anno
1918 754 1966 775 vit.

1507 890 1688 924 CCCLXVII.

1232 969 1441 1011 Confirmatio
1465 970 1590 1011 statuti,
1608 981 1629 1002 a
1648 970 1894 1013 conyreqatione
1917 980 1969 1013 qe-

1977 266 2025 293 An.
2046 266 2156 296 (1.1651
2185 240 2186 254 l

1273 1022 1381 1054 merati
1403 1021 1536 1055 Ordinis
1556 1023 1724 1055 Minorum
1746 1023 1851 1055 sancti
1865 1022 1970 1056 Fran·

1274 1075 1349 1107 cz'scz·
1372 1074 1622 1108 Recollectorum
1651 1076 1834 1119 provinciae
1860 1076 1970 1110 Conce-

1272 1127 1393 1169 pisonis
1410 1128 1448 1160 B.
1466 1128 1592 1161 Mariae
1617 1128 1762 1171 Virqmz's
1789 1128 1826 1161 in
1856 1127 1969 1162 Gallia

1274 1191 1360 1213 amzo
1385 1191 1503 1215 uncxxt
1528 1182 1607 1214 edici
1631 1182 1837 1225 conformiter
1859 1181 1903 1214 ad
1922 1192 1971 1215 ex-

285 1069 329 1090 Sul»
345 1069 443 1095 privatio-

258 1096 291 1116 nis
308 1096 334 1116 al·
348 1101 441 1121 ingressu

260 1122 441 1147 antestat-poena

259 1149 313 1169 hane
339 1149 442 1169 Constitu-

259 1175 336 1196 tionem
375 1175 441 1201 puhli-

259 1202 303 1222 cari
327 1204 348 1222 et
372 1202 442 1222 obser-

260 1228 306 1248 vari
321 1228 415 1248 mandat.

502 1060 516 1102 g
541 1059 570 1091 9.
597 1060 634 1092 Ut
651 1064 752 1091 autem
772 1060 848 1091 baec
872 1064 979 1104 nostra
1005 1058 1195 1098 constitutio,

458 1116 487 1144 et
511 1112 683 1155 praemissa
709 1112 824 1151 omnia,
846 1112 882 1144 ad
908 1123 1017 1145 eorum
1043 1111 1194 1152 omnium,

458 1176 592 1208 quorum
628 1165 777 1208 interest,
804 1165 945 1198 notitiam
972 1165 1196 1208 congruentius

297 2074 445 2102 Transnmpto-

262 2106 307 2123 rum
322 2102 380 2123 fides.

458 1218 624 1261 pervenire
648 1219 777 1262 possint,
798 1218 827 1250 in
846 1218 957 1251 virtute
983 1224 1106 1251 sanctae
1123 1218 1194 1251 obe<

457 1270 601 1311 dientiae,
623 1275 652 1304 et
676 1271 732 1303 sub
758 1272 859 1314 poena
884 1271 1067 1314 privationis
1091 1271 1130 1303 ab
1155 1271 1196 1302 in-

458 1334 567 1366 gressu
586 1323 736 1356 ecclesiae
754 1334 790 1356 eo
812 1324 880 1367 ipso
899 1324 1096 1364 ineturenda,
1110 1334 1196 1367 prae-

459 1376 592 1420 cipimus
609 1382 639 1409 et.
655 1376 839 1409 mandamus
855 1376 1001 1409 omnibus
1019 1382 1048 1409 et
1065 1377 1195 1420 singulis

457 1429 600 1462 locorum
618 1429 800 1470 Ordinariis,
815 1440 850 1462 ac
864 1430 1046 1463 eorumdem
1062 1429 1195 1470 vicariis,

458 1482 663 1525 suffraganeis
684 1488 714 1515 et
730 1483 916 1516 officialibus
934 1483 1195 1526 quibuscumque,

459 1540 488 1568 et
512 1536 579 1569 aliis
604 1536 756 1578 singulis,
785 1536 822 1568 ad
854 1547 932 1579 quos
961 1536 1197 1579 quomodolibet

458 1594 578 1632 spectat
604 1593 633 1622 et
657 1589 802 1633 pertinet,
830 1594 984 1633 quatenus
1016 1589 1196 1622 huiusmodi

457 1646 597 1676 nostram
612 1643 865 1676 constitutionem
881 1643 1012 1685 singulis
1030 1654 1102 1675 suae
1116 1643 1198 1676 dioe-

457 1695 537 1728 cesis
578 1696 625 1728 vel
659 1696 819 1729 districtus
850 1696 1142 1739 praedicatoriluis,
1168 1702 1197 1729 et

458 1749 536 1790 aliis,
553 1749 668 1792 quibus
686 1749 832 1793 expedire
854 1749 1068 1790 iudicaverint,
1086 1761 1198 1794 oppor-

458 1807 594 1845 portune
620 1802 777 1835 insinuent
802 1808 831 1835 et
856 1803 1035 1846 publicent,
1057 1814 1092 1836 ac
1117 1803 1194 1836 insi-

458 1856 576 1888 sinuari
603 1861 631 1889 et
663 1857 815 1901 publicari
848 1857 980 1899 saciant,
1011 1868 1049 1890 ne
1073 1857 1142 1900 quis
1167 1857 1197 1889 in

458 1915 619 1953 posterum
657 1910 880 1953 quoquomodo
917 1910 1126 1953 ignorantiam
1160 1909 1198 1942 de

459 1963 642 2005 praemissis
658 1964 757 2006 possit
774 1964 990 2006 praetendere,
1008 1969 1060 1996 aut
1077 1974 1109 1996 se
1127 1973 1198 1997 con-

460 2019 506 2048 tra
531 2016 704 2059 praemissa
729 2017 829 2048 valeat
853 2027 1013 2049 excusare.

505 2068 585 2111 5110.
608 2069 767 2109 Volumus,
792 2075 821 2101 et
846 2069 990 2102 similiter
1014 2070 1122 2102 cadem
1148 2080 1199 2102 au-

461 2122 604 2154 ctoritate
624 2122 822 2155 decernimus
848 2129 877 2155 et
903 2123 1097 2163 mandamus,
1115 2124 1197 2167 quod

459 2180 640 2218 praesentes
666 2175 785 2209 litterae
803 2186 858 2218 per
876 2176 996 2219 aliquos
1021 2187 1057 2210 ex
1082 2177 1198 2210 nostris

460 2228 643 2261 cursoribus
669 2228 699 2260 in
724 2229 924 2261 basilicarum
951 2229 978 2261 S.
998 2230 1121 2263 loannis
1146 2231 1199 2263 La-

461 2282 647 2322 tei-ariensis,
672 2292 707 2314 ae
732 2282 885 2325 Principis
910 2284 1144 2325 Apostolorum,
1170 2288 1198 2318 et

460 2335 664 2367 cancellariae
685 2335 873 2378 apostolicae
894 2336 1000 2376 valvis,
1017 2346 1052 2369 ae
1078 2336 1107 2368 in
1132 2337 1197 2369 acie

461 2386 567 2430 Campi
586 2388 696 2420 Florae
716 2388 753 2420 de
771 2388 854 2421 Urbe
869 2388 906 2420 de
924 2399 1011 2421 more
1036 2389 1196 2432 publicen-

461 2444 511 2472 tur
525 2446 554 2473 et
567 2441 749 2483 alligantur,
767 2452 846 2485 quac
861 2442 964 2475 affixio
978 2447 1007 2474 et
1025 2442 1197 2485 publicatio

461 2492 502 2525 ita
526 2504 636 2526 omncs
661 2500 690 2526 et
715 2495 874 2537 singulos,
903 2495 940 2527 ad
965 2506 1044 2539 quos
1068 2501 1197 2539 spectat,

461 2546 574 2579 afficiat
599 2552 628 2579 ct
652 2553 768 2590 arctet,
797 2559 832 2581 ac
857 2549 882 2581 si
907 2549 967 2582 illis
991 2550 1198 2593 personaliter

460 2598 618 2631 intimatae
643 2600 785 2640 fuissentss,
807 2606 836 2633 et
860 2602 942 2644 quod
969 2602 1092 2635 illarum
1119 2606 1198 2636 tran·

461 2652 612 2695 sumptis,
637 2653 728 2684 etiam
755 2654 926 2696 impressis,
953 2665 1047 2688 manu
1067 2655 1197 2689 alicuius

1271 1234 1483 1277 plz'calz'onem
1507 1236 1547 1268 ab
1571 1235 1640 1268 alia
1657 1235 1902 1279 conqreyalione
1917 1245 1969 1279 ye-

1274 1288 1382 1320 neralt'
1406 1288 1457 1321 die
1482 1299 1543 1321 xxv
1570 1289 1658 1321 iunii
1676 1289 1826 1332 proxime
1848 1293 1970 1332 praete-

1272 1341 1331 1374 rz'li
1354 1343 1491 1384 factam,
1515 1352 1612 1386 super
1633 1341 1861 1385 praeced-eutici
1883 1341 1970 1374 inter

1274 1395 1530 1437 eoeprovincz'ales
1547 1399 1575 1427 et
1595 1394 1819 1437 exdefim'lores
1841 1404 1970 1438 yenera-

1275 1447 1318 1480 les
1342 1448 1422 1480 dicti
1448 1447 1615 1482 01·dz·m's¹.

1431 1529 1597 1555 Alexander
1612 1528 1690 1561 Papa
1705 1529 1766 1561 VII,

1372 1573 1408 1599 ad
1427 1573 1560 1600 futuram
1579 1573 1624 1600 rei
1644 1572 1815 1600 memoriam

1275 1643 1289 1686 ἓ
1314 1643 1344 1676 ’1.
1373 1643 1492 1686 Exponi
1518 1643 1610 1676 nobis
1634 1653 1734 1687 nuper
1759 1643 1899 1676 fecerunt
1919 1642 1967 1676 di-

1231 1696 1302 1729 lecti
1326 1696 1381 1728 filii
1410 1697 1550 1730 minister
1576 1697 1797 1741 provincialis,
1822 1696 1969 1730 definitor

1232 1750 1397 1791 generalis,
1415 1756 1520 1783 custos
1537 1755 1567 1782 et
1586 1750 1767 1783 definitores
1791 1750 1970 1794 provinciae

1231 1803 1447 1847 Conceptionis
1462 1804 1493 1836 B.
1511 1805 1547 1837 M.
1568 1804 1599 1836 V.
1618 1804 1838 1836 immaculatae
1855 1803 1886 1836 in
1905 1803 1972 1837 Gal-

1232 1857 1272 1889 lia
1291 1857 1421 1890 fratrum
1441 1857 1595 1890 Minorum
1612 1856 1736 1890 Ordinis
1753 1857 1849 1890 sancti
1873 1856 1970 1889 Fran-

1232 1910 1305 1943 cisei
1331 1910 1579 1943 Recollectorum
1606 1916 1869 1954 nuncupatorum,
1886 1908 1970 1953 quod

1232 1964 1306 1996 alias
1331 1964 1362 1996 in
1387 1964 1631 2007 congregatione
1666 1963 1804 2007 generali
1829 1963 1969 1996 eiusdem

1232 2016 1356 2049 Ordinis
1373 2016 1522 2060 Segoviae
1540 2017 1570 2049 in
1588 2017 1737 2060 Hispania
1757 2026 1837 2050 anno
1851 2026 1968 2050 MDcxxt

1232 2069 1410 2111 celebrata,
1440 2081 1499 2113 pro
1533 2070 1716 2103 confusione
1744 2075 1774 2102 et
1798 2068 1969 2103 abusibus²

1232 2123 1399 2164 evitandis,
1426 2123 1541 2155 sactum
1568 2123 1625 2155 suit
1649 2128 1797 2156 statutum
1823 2123 1968 2166 generale

1232 2187 1291 2220 pro
1315 2177 1546 2209 ultramontana
1573 2177 1690 2209 familia
1715 2187 1810 2220 super
1834 2187 1965 2220 praece-

1232 2229 1337 2262 dentia
1360 2230 1492 2262 fratrum
1514 2229 1757 2273 provincialatus
1781 2230 1884 2263 officio
1900 2230 1968 2263 sun-

1232 2288 1365 2325 ctorum,
1383 2294 1419 2316 ae
1443 2283 1569 2316 illorum
1594 2283 1647 2327 qui
1673 2283 1852 2317 definitores
1877 2293 1969 2327 gene-

1231 2337 1311 2370 rales
1328 2338 1463 2377 suerunt,
1482 2336 1599 2369 tenoris
1618 2337 1786 2380 sequentis,
1806 2337 1966 2370 videlicet:

1279 2402 1292 2422 «
1318 2390 1444 2430 Deinde,
1463 2390 1514 2433 qui
1532 2389 1713 2423 definitores
1731 2390 1892 2433 generales
1909 2390 1970 2424 fue-

1231 2449 1313 2483 runt,
1338 2443 1391 2487 qui
1409 2443 1514 2485 etiam,
1533 2443 1556 2476 si
1575 2448 1664 2476 antea
1689 2443 1822 2477 ministri
1847 2444 1969 2488 provin-

1231 2496 1324 2529 ciales
1349 2496 1484 2538 fuerunt,
1506 2496 1593 2536 alios,
1617 2496 1670 2539 qui
1700 2496 1810 2529 eodem
1839 2505 1968 2529 munere

1231 2549 1326 2582 suncti
1347 2555 1429 2590 sunt,
1443 2549 1490 2582 sin
1508 2549 1620 2589 minus,
1638 2549 1707 2582 illos
1727 2549 1897 2590 dumtaxat,
1914 2548 1967 2592 qui

1270 2623 1276 2647 t
1302 2621 1338 2647 Ex
1360 2621 1466 2654 Regest.
1488 2621 1513 2647 in
1534 2621 1637 2647 Secret.
1659 2620 1734 2646 Brev.

1265 2664 1281 2690 2
1296 2665 1367 2692 Male
1381 2664 1445 2691 edit.
1460 2664 1540 2691 Maia.
1557 2663 1622 2698 legit
1635 2664 1671 2691 ab
1687 2663 1784 2691 usibus
1799 2663 1839 2697 (n.
1856 2662 1904 2697 ⁷12).

2010 1654 2124 1682 Exponam.

2009 2394 2126 2416 Decretum.
