2243 3205
849 165 943 187 1NDEx
971 164 1003 186 at
1011 164 1098 186 BIIICA
1105 164 1140 186 at'
1147 164 1166 186 31

238 218 311 251 LIV.
341 217 470 261 legatio
507 227 564 261 pro
590 215 733 249 dominis
759 215 981 248 cardinalibus

327 271 445 305 Ioanne
469 271 581 305 Carolo
605 269 746 302 Medices
763 274 794 302 et
810 268 849 302 de
869 268 982 301 Hassia
1007 276 1008 290 ³

326 325 365 358 ad
383 324 524 358 eundum
550 324 675 357 obviam
700 322 831 364 reginae
856 321 981 354 Sveciae

326 378 414 411 iuxta
439 377 603 410 decretum
629 375 870 414 consistoriale,
895 373 950 407 97.

332 429 538 464 Confirmatio
570 429 815 473 privilegiorum
853 426 982 460 Ordinis

326 482 380 515 SS.
412 481 577 515 Trinitatis
611 479 849 524 Redemptionis
881 478 984 523 Capti-

327 545 438 568 vorum
463 540 494 568 et
519 534 664 568 eiusdem
685 531 982 567 confraternitatum

329 599 363 621 ac
395 587 602 622 beatissimae
630 586 770 630 Virginis
804 585 919 618 Mariae
945 585 983 618 de

329 642 494 682 Remedio,
521 641 575 674 97.

239 696 312 730 LVI.
341 696 391 737 Ut,
407 695 440 729 in
462 696 632 730 missarum
656 693 848 727 solemnium
869 699 901 726 et
917 704 985 727 ves-

329 757 481 793 perarum
505 749 538 782 in
563 748 716 792 cappellis
740 746 914 790 pontificiis
938 757 986 780 ce-

326 802 515 843 lebratione,
540 801 714 835 sacerdotis
739 799 916 834 assistentis
949 811 985 833 ac

329 855 456 889 diaconi
475 861 506 889 et
526 855 714 889 subdiaconi
739 854 844 888 officia
863 864 918 897 per
936 864 986 887 ca—

329 909 461 942 nonicos
487 908 517 942 S.
546 907 674 941 Ioannis
698 907 921 942 Lateranensis
949 918 985 941 ac

331 962 362 997 S.
397 963 478 997 Petri
509 968 541 996 et
570 962 601 996 S.
629 962 745 996 Mariae
777 961 905 994 Maioris
938 972 987 995 re-

332 1016 471 1061 spective
496 1021 700 1060 peragantur,
728 1015 780 1049 98.

243 1070 332 1105 LVII.
369 1069 576 1104 Confirmatio
607 1069 725 1102 decreti
757 1067 865 1102 nuncii
902 1069 987 1112 apud

332 1123 489 1157 Helvetios
513 1132 608 1168 super
640 1127 724 1155 statu
752 1121 906 1156 ecclesiae
930 1121 987 1155 Cu-

332 1176 446 1210 riensis
470 1176 560 1218 editi,
587 1173 663 1208 100.

243 1230 349 1265 LVIII.
370 1229 560 1265 Commissio
576 1230 728 1273 episcopo
757 1228 915 1263 Casalensi
936 1240 987 1263 su-

332 1296 391 1329 per
422 1284 653 1318 controversiis
689 1284 773 1317 inter
810 1283 988 1328 principem

334 1337 508 1371 Masserani
533 1343 563 1371 et
588 1339 626 1371 de
659 1337 831 1371 Crevacore
864 1348 898 1370 ac
921 1337 989 1370 eius

334 1390 486 1424 vassallos
500 1389 719 1441 ⁸vertentibus,
742 1390 818 1423 101.

249 1444 325 1478 LIX.
360 1443 538 1478 Christinae
573 1443 703 1488 reginae
726 1442 853 1477 Sveciae
877 1454 989 1477 conce-

334 1497 422 1532 ditur
460 1497 587 1531 licentia
625 1496 826 1540 ingrediendi
863 1498 990 1542 quoties

335 1551 471 1585 voluerit
495 1561 718 1595 quaecumque
744 1551 885 1584 virorum
909 1550 988 1584 reli-

335 1605 501 1650 giosorum
526 1605 559 1638 in
584 1605 668 1638 Urbe
696 1605 891 1639 monasteria
917 1615 990 1638 cum

335 1659 472 1693 honesto
497 1663 527 1691 et
552 1658 719 1692 moderato
737 1658 861 1702 aliquot
879 1658 991 1692 mulie-

336 1722 409 1745 rum
445 1717 476 1745 et
508 1712 742 1745 nonnullorum
766 1710 908 1745 virorum
932 1723 991 1746 nu-

337 1775 428 1799 mero
453 1769 483 1799 et
505 1764 671 1806 comitatu,
691 1763 766 1798 toa.

248 1818 306 1852 LX.
331 1819 371 1852 Ut
395 1818 553 1853 Christina
585 1819 695 1862 regina
731 1818 861 1853 Sveciae
894 1830 991 1863 quae-

336 1882 475 1916 cumque
500 1871 591 1906 Urbis
617 1872 808 1906 monialium
834 1879 991 1907 monaste-

335 1923 383 1958 ria
408 1935 480 1958 cum
505 1925 643 1959 honesto
675 1935 811 1959 numero
837 1930 867 1959 et
893 1927 991 1960 comi-

337 1982 405 2011 tatu
429 1977 613 2019 mulierum,
632 1978 725 2012 toties
742 1979 865 2023 quoties
884 1979 911 2013 ei
928 1981 992 2024 pla-

336 2030 449 2072 cuerit,
477 2030 603 2074 ingredi
627 2031 738 2075 possit,
762 2031 838 2066 102.

248 2083 324 2118 LXI.
352 2083 529 2118 Christinae
553 2084 680 2128 reginae
696 2084 826 2119 Sveciae
843 2086 993 2121 concedit

339 2136 502 2171 licentiam
540 2137 739 2181 ingrediendi
777 2140 904 2183 quoties
940 2151 991 2182 vo-

339 2190 436 2224 luerit
460 2190 577 2235 criptas
601 2190 752 2226 basilicae
777 2193 807 2228 S.
839 2194 932 2236 Petri,
956 2206 992 2228 ac

339 2244 516 2290 cappellam
542 2245 581 2278 ad
611 2244 726 2280 Sancta
740 2246 942 2289 Sanctorum,
963 2254 993 2282 et

339 2298 517 2343 cappellam
541 2298 784 2334 subterraneam
802 2300 832 2334 S.
854 2301 992 2336 Helenae

338 2351 371 2385 in
390 2352 524 2386 eeclesia
544 2352 574 2385 S.
604 2352 712 2387 Crucis
737 2354 768 2387 in
794 2354 993 2390 Hierusalem

340 2405 380 2440 de
405 2405 505 2446 Urbe,
531 2405 605 2440 103.

252 2458 343 2493 LXII.
358 2458 537 2493 Committit
549 2460 669 2494 nuncio
684 2460 846 2503 Poloniae‚
862 2469 898 2497 ut
911 2474 996 2500 com-

238 431 296 464 LV.

1667 150 1730 185 823

1124 215 1213 248 liensi
1238 227 1275 249 ac
1301 216 1451 259 episcopo
1477 214 1683 248 Luccoriensi
1713 225 1771 248 au-

1123 279 1175 301 rea
1195 275 1225 302 et
1246 275 1393 311 argentea
1407 268 1555 302 utensilia
1571 267 1774 301 ecclesiarum

1123 327 1153 355 et
1177 322 1321 355 locorum
1348 322 1490 365 piorum,
1516 327 1549 355 ut
1575 321 1725 360 conflent,
1746 326 1777 353 et

1124 375 1197 407 inde
1224 385 1373 407 nummos
1399 375 1519 408 cudant
1545 374 1716 408 tradendos
1742 374 1775 406 in

1124 428 1304 461 subsidium
1347 429 1411 471 regi
1452 428 1604 462 Poloniae
1636 439 1694 472 pro
1728 439 1777 461 re-

1123 481 1331 524 cuperatione
1357 482 1458 525 regni,
1488 481 1561 514 103.

1035 534 1139 568 LXIII.
1168 534 1293 567 Mandat
1318 535 1595 579 archipresbytero
1629 540 1659 567 et
1690 534 1776 578 capi-

1126 587 1192 620 tulo
1217 586 1368 620 basilicae
1393 588 1422 621 S.
1448 587 1530 620 Petri
1561 587 1599 620 de
1623 588 1718 628 Urbe,
1744 594 1777 621 ut

1125 640 1151 674 si
1178 646 1208 673 et
1233 641 1360 683 quando
1386 653 1403 674 a
1424 641 1534 684 regina
1558 640 1686 674 Sveciae
1711 642 1778 674 sue-

1125 694 1190 727 rint
1214 694 1370 738 requisiti,
1392 694 1535 728 deserant
1553 695 1683 727 Vultum
1704 694 1779 727 San—

1126 754 1212 781 ctum
1239 753 1269 780 et
1294 746 1423 779 Sacram
1448 748 1604 780 Lanceam
1621 757 1722 790 usque
1739 747 1778 779 ad

1125 801 1220 841 fores,
1237 811 1295 843 per
1306 811 1385 844 quas
1401 812 1416 834 e
1434 800 1521 833 dicta
1540 799 1671 832 basilica
1687 799 1780 832 datur

1126 863 1276 886 accessus
1301 853 1339 886 ad
1366 853 1571 886 tabernacula
1602 851 1654 885 nbi
1684 852 1780 885 collo-

1128 913 1197 941 cata
1223 912 1309 946 sunt,
1329 912 1359 940 et
1381 906 1424 939 illi
1441 906 1620 947 ostendant,
1641 905 1716 939 105.

1037 960 1140 994 LXIV.
1167 959 1306 993 Licentia
1331 970 1389 1004 pro
1414 960 1569 993 Cliristina
1587 959 1695 1002 regina
1712 959 1782 993 Sve-

1128 1014 1195 1048 ciae
1226 1013 1445 1057 ingrediendi,
1468 1014 1592 1057 quoties
1620 1013 1778 1054 volucrit,

1127 1073 1265 1112 cryptas,
1283 1068 1443 1112 cappellas
1463 1073 1493 1101 et
1518 1067 1577 1100 alia
1596 1068 1666 1100 loca
1692 1077 1782 1100 sacra

1128 1131 1352 1165 quaecumque
1390 1121 1425 1154 in
1468 1121 1554 1154 Urbe
1593 1121 1779 1162 existentia,

1128 1175 1204 1209 105.

1040 1229 1127 1263 LXV.
1145 1229 1286 1263 Licentia
1300 1229 1429 1272 reginae
1443 1227 1573 1262 Sveciac
1582 1227 1782 1272 ingrediendi

1129 1283 1256 1328 quoties
1282 1282 1416 1318 voluerit
1450 1281 1680 1316 monasterium
1712 1281 1784 1315 Car-

1129 1337 1342 1371 tliusiensium
1375 1336 1415 1383 de
1447 1337 1552 1377 Urbe,
1580 1346 1616 1368 ac
1640 1345 1783 1368 eremum

1130 1390 1422 1437 Camaldulensium
1460 1399 1560 1433 prope
1584 1389 1781 1428 Tusculum,

1042 1498 1140 1532 LXVI.
1159 1497 1288 1530 Sacram
1303 1502 1333 1531 et
1344 1496 1552 1541 apostolicam
1570 1495 1785 1530 visitationem

1130 1552 1340 1585 ecclesiarum
1378 1551 1523 1584 omnium
1556 1550 1649 1584 Urbis
1693 1551 1785 1584 loco-

1131 1616 1269 1650 rumque
1291 1606 1428 1649 piorum,
1445 1611 1476 1639 et
1496 1605 1710 1649 quadraginta
1732 1606 1786 1638 ho-

1131 1670 1240 1692 rarum
1265 1659 1511 1693 celebrationem
1525 1669 1599 1692 cum
1619 1659 1786 1702 indulgen-

1130 1713 1247 1747 tiarum
1273 1713 1463 1757 elargitione
1488 1712 1614 1753 indicit,
1640 1713 1715 1747 106.

1042 1767 1157 1801 LXVII.
1186 1766 1388 1810 Indulgentia
1419 1777 1476 1810 pro
1508 1767 1647 1809 imagine
1673 1766 1786 1800 Christi

1130 1819 1169 1853 ad
1195 1820 1380 1854 columnam
1405 1819 1556 1864 flagellati
1578 1830 1594 1852 a
1612 1819 1785 1853 Sanctitate

1131 1873 1195 1908 Sua
1211 1875 1340 1917 reginae
1365 1873 1491 1908 Sveciae
1516 1874 1644 1914 donata,
1663 1873 1738 1907 108.

1042 1927 1170 1961 LXVIII.
1198 1927 1259 1961 Pro
1291 1927 1557 1961 eminentissimus
1590 1932 1621 1960 et
1645 1937 1788 1960 reveren—

1132 1980 1272 2014 dissimis
1307 1981 1447 2014 dominis
1483 1980 1700 2014 cardinalibus
1737 1991 1786 2013 as-

1131 2034 1267 2078 sumptis
1285 2045 1341 2078 pro
1359 2036 1447 2068 sacra
1467 2034 1644 2069 visitatione
1660 2039 1787 2078 aposto-

1132 2087 1205 2129 lica,
1232 2086 1306 2121 109.

1042 2141 1145 2176 LXIX.
1196 2141 1413 2175 Hortatorium
1449 2141 1590 2185 capitulo
1633 2140 1786 2175 ecclesiae

1133 2195 1327 2236 Cocinensis‚
1348 2201 1382 2229 ut
1399 2195 1582 2238 Ilyacintlio
1608 2205 1622 2226 a
1649 2194 1678 2228 S.
1707 2195 1782 2226 Vin-

1133 2249 1237 2283 centio
1284 2249 1374 2282 fratri
1421 2248 1617 2281 Discalccato
1660 2247 1786 2281 Ordinis

1134 2309 1263 2337 sanctae
1288 2302 1403 2336 Mariae
1433 2302 1472 2336 de
1505 2302 1608 2335 Monte
1644 2301 1787 2335 Carmelo

1133 2357 1172 2390 ad
1207 2356 1277 2390 illas
1311 2362 1416 2400 partes
1444 2366 1460 2388 a
1485 2353 1577 2387 nobis
1613 2354 1784 2395 destinato,

1135 2410 1292 2444 auxilium
1317 2415 1345 2443 et
1372 2410 1510 2443 savorem
1540 2409 1715 2452 praebeant
1750 2420 1787 2442 ac

1133 2473 1191 2508 pro
1218 2464 1334 2496 viribus
1361 2461 1522 2502 assistant,
1546 2461 1622 2495 110.

339 2512 435 2556 pellat
468 2511 703 2547 ecclesiasticos
736 2514 776 2547 ad
801 2515 993 2550 tradendum
1045 2517 1132 2550 LXX.
1161 2516 1254 2550 Mittit
1284 2516 1497 2560 Hyacinthum
1519 2526 1535 2547 a
1561 2515 1593 2548 S.
1622 2514 1788 2548 Vincentio

337 2564 586 2610 archiepiscopis
617 2566 793 2603 Gnesnensi
818 2574 848 2604 et
872 2569 995 2614 Leopo-

1135 2569 1334 2604 Carme-litam
1357 2568 1583 2603 DJsculceatum
1604 2569 1643 2602 ad
1660 2568 1787 2612 provin-
