2243 3205
218 174 266 199 An.
282 173 308 199 G.
334 172 400 199 ¹659

268 1781 323 1801 Vota
334 1780 425 1809 signatu·

241 1813 278 1828 rae
293 1812 371 1827 nemini
392 1811 426 1826 re-

243 1834 343 1855 feramur.

265 2393 269 2396 ²
279 2366 389 2388 Decretum
410 2366 435 2387 ir-

252 2395 326 2414 mans.

445 163 510 196 471*

416 220 659 263 quingentorum
676 225 818 253 monetae
833 220 1065 264 constituentes,
1083 232 1155 254 vere

418 282 453 305 ac
471 272 596 305 realiter
624 277 654 305 et
685 272 815 316 pacifice
841 273 1039 317 possideant,
1066 274 1113 306 vel
1140 285 1157 306 a

418 326 604 370 parentibus
640 331 692 358 aut
727 326 914 370 propinquis
945 327 1061 361 suerint
1098 328 1157 360 illis

420 378 521 411 valide
541 379 707 422 assignati,
733 390 768 412 ac
793 379 919 413 demum
941 380 971 413 in
996 381 1053 414 liac
1071 380 1158 414 curia

420 431 559 464 Romana
584 432 693 464 saltem
711 443 767 476 per
787 432 947 466 biennium
965 433 1077 466 versati
1098 433 1160 466 fue-

422 483 506 526 rint,
533 489 563 517 et
587 484 705 518 studios
741 496 874 529 praxeos
905 496 1000 530 penes
1024 486 1159 530 aliquem

421 547 457 570 ex
483 537 679 571 auditoribus
711 539 808 572 Rotae
840 543 986 582 nostrae,
1012 540 1059 573 vel
1084 539 1161 572 alios

421 591 595 635 praelatos,
621 592 771 625 officiales
805 603 860 626 seu
885 592 1052 626 advocatos
1079 592 1160 625 eius-

423 643 493 676 dem
508 644 613 678 curiae
628 645 736 678 sedulo
757 645 966 686 incubuerint,
987 656 1082 689 super
1099 645 1163 689 qui-

422 696 491 738 bus,
507 697 676 742 compilato
702 698 869 741 diligenter
893 698 1122 742 proccssu,fiat
1147 708 1163 730 a

423 756 561 794 ponente
597 762 652 784 seu
685 751 830 795 delegato
866 752 949 784 illius
988 750 1098 784 relatio
1133 750 1163 782 in

425 803 580 846 collegio,
605 804 655 837 cui
680 804 704 837 si
730 804 893 837 videantur
922 803 1055 848 probata
1079 803 1164 836 suffi-

426 853 545 889 cienter
568 857 751 900 praemissa,
770 863 842 890 tunc
860 863 967 890 orator
983 857 1166 889 admittatur

427 908 465 941 ad
491 920 631 951 examen,
656 911 821 953 assignatis
843 911 886 942 illi
912 910 959 954 (ut
984 910 1081 943 moris
1107 911 1166 954 est)

427 962 548 995 duabus
584 963 865 1006 supplicationibus
890 974 944 997 seu
970 964 1166 997 commissio-

426 1015 520 1047 nibus
545 1026 652 1048 coram
678 1016 747 1059 ipso
771 1016 905 1059 collegio
937 1017 1167 1060 proponendis,

428 1073 458 1100 et
482 1068 617 1101 subinde
640 1075 769 1112 peracto
794 1070 953 1110 examine,
979 1069 1003 1102 si
1029 1069 1168 1102 eiusdem

428 1122 589 1166 praefecti,
603 1128 696 1166 atque
712 1123 847 1166 collegii,
859 1134 994 1167 quorum
1013 1124 1170 1157 conscien-

429 1177 505 1210 tiam
531 1186 721 1218 oneramus,
747 1178 840 1210 fuerit
869 1178 1018 1211 concordi
1044 1178 1169 1220 iudicio,

432 1232 480 1263 vel
506 1232 616 1263 saltem
642 1241 699 1275 per
723 1231 799 1264 duas
836 1242 870 1264 ex
902 1231 1004 1264 tribus
1028 1231 1171 1276 partibus

431 1292 598 1327 votorum,
625 1297 705 1331 quae
739 1291 860 1319 secreto
893 1297 950 1330 per
974 1287 1059 1320 sabas
1084 1287 1171 1320 albas

432 1346 462 1374 et
486 1341 592 1384 nigras
616 1341 752 1385 proferri
777 1341 931 1382 volumus,
956 1341 1149 1385 approbatus
1164 1369 1172 1383 ,

433 1400 508 1428 tunc
532 1395 708 1439 praefectus
723 1422 730 1436 ,
761 1395 908 1429 omnibus
932 1395 1022 1428 nobis
1048 1401 1077 1429 et
1101 1407 1172 1429 suc-

434 1449 612 1482 cessoribus
636 1449 752 1482 nostris
783 1449 900 1490 relatis,
926 1450 1014 1482 illum
1040 1449 1174 1483 auctori-

435 1507 496 1537 tate
520 1504 628 1536 nostra
653 1503 877 1547 pronunciabit
902 1503 1174 1545 referendarium,

436 1567 472 1589 ac
497 1557 527 1589 in
550 1557 683 1590 aliorum
709 1567 877 1589 numerum
897 1556 1031 1590 adscribi
1050 1556 1176 1589 manda-

437 1609 493 1649 bit,
518 1609 667 1653 praestito
694 1615 796 1642 tamen
821 1610 908 1653 prius
933 1610 965 1642 in
990 1609 1057 1642 eius
1083 1610 1177 1642 mani-

440 1663 498 1696 bus
523 1664 613 1697 solito
634 1663 820 1697 iuramento.

485 1717 499 1759 ἓ
518 1717 545 1749 7.
562 1717 734 1759 Postremo,
748 1717 826 1749 utin
841 1717 1010 1760 signaturis
1027 1721 1088 1749 tam
1109 1727 1179 1759 gra-

441 1769 501 1801 tiae
526 1780 618 1813 quam
642 1770 776 1803 iustitiae
800 1770 931 1803 liberior
950 1770 989 1803 sit
1014 1780 1178 1803 causarum

442 1823 595 1856 discussio
609 1829 638 1856 et
656 1829 799 1857 votorum
813 1823 959 1867 prolatio,
972 1823 1180 1867 prohibemus

442 1876 588 1909 omnibus
605 1881 634 1909 et
658 1877 799 1919 singulis,
813 1881 874 1909 tam
893 1876 1069 1910 votaniibus
1086 1887 1179 1920 quam

443 1930 511 1962 aliis
535 1930 787 1974 quibuscumque
813 1930 844 1962 in
869 1929 985 1962 eisdem
1012 1930 1181 1972 signaturis

444 1983 733 2024 intervenientibus,
752 1993 787 2015 ac
807 1993 917 2016 eorum
938 1983 1135 2016 auditoribus
1154 1988 1183 2016 et

445 2036 620 2070 studiorum
647 2036 902 2077 coadiutoribus,
927 2042 997 2070 vota
1023 2037 1087 2080 ipsa
1116 2036 1182 2069 cui-

444 2101 538 2134 quam
563 2090 652 2122 altcri
690 2090 782 2122 etiam
819 2090 947 2134 speciali
982 2090 1183 2133 expressione

444 2143 540 2186 digno
565 2144 684 2176 referre
709 2149 761 2177 aut
781 2144 947 2188 propalare
972 2149 1119 2177 oretenus
1138 2144 1184 2177 vel

447 2197 477 2229 in
503 2197 628 2241 scriptis
659 2208 715 2240 per
748 2208 778 2229 se
804 2197 888 2240 ipsos
923 2198 970 2230 vel
1001 2197 1078 2230 alios
1108 2208 1184 2241 qua-

447 2261 582 2294 cumque
615 2251 715 2284 forma
748 2256 777 2284 et
809 2251 963 2294 exquisito
989 2252 1103 2293 modo,
1130 2251 1186 2284 sub

449 2306 552 2348 poena
578 2304 801 2347 indignationis
825 2309 960 2339 nostrae.

495 2358 508 2400 ξ
534 2356 562 2389 8.
580 2357 789 2391 Decernentes
810 2359 1120 2401 praesenteslitteras
1141 2369 1189 2392 ra-

451 2410 539 2451 lidas,
564 2416 634 2451 ctc.‚
655 2410 876 2444 inviolabiliter
894 2412 1065 2452 observari,
1083 2412 1190 2456 sicque

452 2474 510 2507 per
544 2474 761 2507 quoscumque
796 2464 937 2507 iudices,
963 2470 1039 2505 etc.,
1065 2464 1189 2498 deliniri

453 2517 577 2557 debere,
591 2528 626 2550 ac
651 2518 774 2550 irritum
791 2524 820 2550 et
841 2519 941 2559 inane,
959 2519 983 2551 si
1004 2529 1103 2560 secus,
1121 2524 1189 2559 etc.,

454 2571 620 2614 contigerit
638 2571 792 2604 attentari.

994 174 1177 198 BULLARIUM
1200 175 1352 199 ROMANUM

1947 176 1995 202 An.
2009 176 2037 202 C.
2059 176 2123 206 1659

1234 222 1248 264 5
1268 220 1296 253 9.
1333 221 1401 254 Non
1426 221 1621 255 obstantibus
1649 222 1850 266 praemissis,
1875 232 1927 264 ac,
1943 236 2124 260 eontrariatotm.

1190 279 1342 317 quatenus
1367 284 1445 318 opus
1470 274 1521 317 sit,
1542 276 1646 309 nostra
1672 280 1702 308 et
1726 275 1928 309 cancellariae

1191 327 1381 371 apostolicae
1405 328 1515 371 regula
1541 328 1579 360 de
1603 327 1712 370 gratiis
1736 338 1799 361 non
1823 339 1930 362 conce-

1192 380 1301 413 dendis
1326 380 1363 413 ad
1389 381 1496 422 instar,
1522 392 1557 414 ac
1581 381 1679 415 felicis
1704 381 1930 415 recordationis

1194 432 1237 465 Pii
1254 433 1353 477 Papae
1370 434 1408 467 IV
1422 434 1674 478 praedecessoris
1691 433 1790 467 nostri
1808 433 1845 467 de
1863 444 1931 476 gra-

1194 486 1243 518 tiis
1274 486 1425 520 interesse
1461 498 1605 521 camerae
1636 487 1824 531 apostolicae
1855 497 1932 530 quo-

1195 539 1367 573 modolibet
1409 540 1670 574 concernentibus
1707 539 1739 572 in
1774 539 1935 584 praedicta

1195 594 1321 626 camera
1346 593 1561 637 registrandis,
1587 593 1718 637 aliisque
1742 592 1936 627 constitutio-

1195 646 1288 679 nibus
1323 652 1353 679 et
1388 646 1636 680 ordinationibus
1667 645 1869 690 apostolicis,
1900 656 1936 680 ac

1197 700 1343 733 omnibus
1369 700 1440 742 illis,
1467 711 1546 744 quae
1571 700 1701 744 praefati
1717 699 1937 743 praedecesso-

1198 764 1285 787 sores
1310 754 1341 787 in
1365 754 1456 788 dictis
1473 753 1749 788 constitutionibus
1770 753 1938 787 voluerunt

1198 817 1261 839 non
1285 807 1429 849 obstare,
1464 807 1639 852 ceterisque
1675 806 1842 840 contrariis
1866 805 1937 850 qui-

1198 860 1406 904 buscumque.
1431 860 1514 895 Nulli
1540 871 1617 904 ergo
1630 860 1761 894 omnino
1774 859 1938 893 hominum

1199 913 1291 946 liceat
1315 913 1396 946 hanc
1420 913 1567 958 paginam
1585 918 1711 946 nostrae
1729 911 1940 946 confirmatio-

1200 966 1258 1007 nis,
1283 967 1502 1008 innovationis,
1527 966 1705 1007 erectionis,
1726 964 1939 1006 institutionis,

1204 1020 1373 1053 voluntatis
1388 1025 1417 1053 et
1430 1020 1547 1054 decreti
1566 1020 1747 1063 infringere,
1761 1019 1809 1052 vel
1823 1019 1850 1051 ei
1863 1029 1942 1052 ausu

1203 1074 1371 1107 temerario
1396 1074 1562 1107 contraire.
1584 1074 1615 1107 Si
1634 1074 1704 1119 quis
1724 1078 1838 1115 autem,
1865 1077 1923 1106 etc.

1247 1128 1357 1161 Datum
1388 1127 1522 1168 Romae,
1552 1127 1635 1171 apud
1666 1127 1695 1160 S.
1720 1125 1850 1159 Mariam
1873 1126 1937 1158 Ma-

1205 1183 1304 1215 iorem
1325 1210 1333 1224 ,
1371 1192 1452 1215 anno
1491 1180 1718 1214 Incarnationis
1762 1178 1944 1214 Dominicae

1205 1246 1339 1277 MDCLIX,
1364 1235 1466 1268 idibus
1492 1234 1590 1276 iunii,
1620 1233 1821 1278 pontificatus
1844 1231 1944 1267 nostri

1205 1300 1287 1323 anno
1308 1300 1337 1322 v.

1242 1353 1300 1380 Dat,
1322 1352 1365 1380 die
1388 1351 1417 1379 13
1437 1350 1505 1378 iunii
1527 1350 1604 1386 1659,
1625 1350 1722 1386 pontif.
1748 1358 1818 1378 anno
1839 1357 1865 1377 v.

1491 1493 1663 1528 CCXLVIII.

1213 1576 1423 1619 Confirmatio
1455 1575 1573 1608 decreti
1608 1574 1734 1608 domini
1768 1573 1950 1607 cardinalis

1256 1629 1431 1663 Barberim'
1463 1629 1652 1672 protectoris
1687 1628 1780 1660 totins
1815 1627 1951 1661 Ordinis

1256 1682 1362 1715 sancti
1378 1678 1549 1715 Francisci
1566 1681 1603 1714 de
1629 1680 1841 1714 Observantid
1857 1690 1953 1724 super

1256 1735 1481 1779 praecedentia
1494 1736 1580 1767 inter
1593 1737 1818 1777 procuratores
1832 1737 1861 1766 et
1874 1743 1954 1766 com-

1257 1789 1426 1822 missarios
1442 1787 1606 1831 ρεπεν-αἰῶ
1627 1787 1770 1820 eiusdem
1789 1786 1924 1821 Ordinis
1932 1785 1953 1820 ¹.

1408 1867 1573 1894 Alexander
1592 1867 1671 1900 Papa
1690 1866 1740 1893 VII
1752 1888 1759 1898 ,

1359 1913 1394 1938 ad
1415 1911 1550 1938 futuram
1571 1911 1616 1938 rei
1635 1911 1817 1938 memoriam.

1260 1982 1304 2016 Ad
1329 1981 1486 2026 pastorale
1510 1980 1668 2024 fastigium
1694 1973 1799 2014 divina
1824 1980 1956 2025 disposi-

1217 2036 1302 2070 tione
1324 2035 1437 2076 evecti,
1463 2035 1532 2075 illa,
1557 2044 1637 2078 quae
1660 2044 1718 2078 pro
1743 2033 1957 2068 conservanda

1218 2091 1298 2125 inter
1324 2090 1488 2133 religiosos
1515 2090 1597 2123 viros
1622 2089 1772 2123 Altissimi
1798 2089 1957 2134 obsequiis

1219 2145 1276 2178 sub
1301 2144 1387 2177 suavi
1405 2143 1550 2176 arctioris
1576 2143 1655 2176 vitae
1672 2143 1747 2186 iugo
1765 2143 1958 2186 mancipatos

1220 2199 1357 2231 fraterna
1388 2197 1567 2230 animorum
1598 2196 1789 2236 concordia,
1817 2201 1959 2229 averten-

1221 2251 1330 2294 disque
1356 2250 1579 2284 controversiis
1607 2260 1687 2294 quae
1724 2249 1806 2282 inter
1829 2259 1884 2282 eos
1908 2259 1960 2282 ex-

1222 2305 1309 2338 citari
1336 2303 1466 2348 possint,
1491 2303 1622 2348 provide
1646 2302 1856 2347 conspicimus
1881 2313 1961 2336 ema-

1223 2368 1323 2397 nasse,
1340 2357 1486 2399 libenter,
1505 2368 1576 2390 cum
1594 2367 1611 2390 a
1632 2357 1722 2390 nobis
1741 2357 1867 2401 petitur,
1888 2367 1961 2402 apo-

1223 2411 1324 2445 stolici
1350 2411 1531 2444 muniminis
1556 2410 1713 2454 praesidio
1738 2410 1934 2445 roboramus.

1268 2465 1283 2508 g
1308 2464 1336 2496 l.
1362 2464 1483 2508 Exponi
1498 2463 1651 2507 siquidem
1665 2458 1755 2498 nobis
1772 2473 1873 2508 nuper
1888 2462 1961 2497 fecit

1262 2581 1270 2605 l
1295 2578 1332 2605 Ex
1350 2579 1456 2614 Regest.
1473 2578 1499 2605 in
1516 2579 1618 2606 Secret.
1637 2578 1716 2606 Brev.

1997 1988 2136 2010 Prooemium.

2001 2467 2118 2494 Expositio.
