2263 3215
301 218 337 242 Au
367 219 395 243 C.
417 220 479 245 1⁴:57

315 1605 435 1627 Exordium,

317 2454 350 2474 ltu<
367 2461 385 2474 in
402 2460 471 2474 meti-l:

527 210 589 241 aas
1075 220 1252 244 nuLLAiuUM

499 267 587 298 <vi-tis
613 266 773 306 habentes,
800 266 859 298 illis
888 267 963 299 alias
989 267 1016 299 in
1043 277 1099 300 suo
1120 268 1234 301 robore

498 320 726 362 {rufi-mausuris,
754 320 790 352 ad
813 321 1059 364 praemissorum
1078 321 1234 361 effectum,

497 373 554 404 hac
581 373 645 404 vice
666 372 836 414 dumtaxat,
855 374 1032 417 specialiter
1045 380 1074 406 et
1088 385 1252 417 expresso

496 425 695 467 dct'(›g;tttttts;
714 427 888 470 ceterisque
914 428 1079 461 contrariis
1104 427 1234 471 quibus-

496 490 639 521 t'tltllqtle.

540 531 606 574 §Cr
634 532 782 564 Volumus
814 538 917 565 autem
955 539 986 566 ut
1022 534 1232 576 praesentium

497 585 709 627 trausiuuptis,
726 596 818 617 manu
834 586 966 618 alieuius
984 587 1097 619 notarii
1115 586 1232 629 publici

496 637 690 680 subscriptis,
715 643 744 669 et
769 638 872 680 sigillo
897 649 1047 682 personae
1075 639 1105 671 in
1129 639 1230 681 digni-

497 695 557 722 tate
583 690 792 723 ecclesiastica
824 693 1010 724 constitutae
1030 692 1165 733 munitis,
1184 702 1232 723 ea-

495 743 564 775 dem
599 743 675 776 fides
695 744 723 775 in
739 744 852 777 iudicio
870 750 898 777 et
917 749 1002 777 extra
1024 745 1099 777 illud
1119 745 1232 788 ubique
1249 762 1250 766 =

494 796 698 837 adhibeatur,
724 808 802 840 quae
818 798 891 841 ipsis
905 798 1122 841 praesentibus
1146 798 1232 830 adhi-

495 849 633 887 beretur,
656 850 679 882 si
706 851 805 883 forent
831 851 986 884 exhibitae
1006 852 1051 883 vel
1076 856 1228 883 ostensae.

538 903 648 935 [latum
675 905 791 936 Romae
817 904 898 948 apud
918 904 947 936 S.
968 905 1094 937 Petrum
1113 905 1170 937 sub
1184 915 1249 947 an-¹

493 956 566 988 milo
585 957 758 999 piscatoris,
777 957 827 989 die
848 968 857 989 1
874 957 983 1001 aprilis
1001 968 1138 997 nincevn,
1157 951 1250 1002 pon-f

493 1010 625 1042 titicatus
651 1011 748 1043 nostri
775 1021 856 1043 anno
880 1021 913 1043 111
924 1010 943 1043 ¹.

529 1072 583 1098 [lat⁴
604 1072 671 1098 diet
693 1072 784 1108 aprilis
802 1073 879 1105 ¹657,
897 1073 992 1109 pontif.
1011 1081 1081 1100 anno
1098 1080 1135 1101 m.

832 1216 887 1250 CL.

491 1297 555 1328 Pro
587 1297 670 1329 rectu
698 1297 984 1329 ‹ntminiso-atione
1009 1297 1163 1330 bonorum
1187 1297 1229 1330 αιί

535 1350 684 1381 basilicas
710 1354 737 1382 et
763 1348 950 1392 colteqiatas
964 1350 1122 1383 seculares
1139 1351 1229 1384 eccle-

534 1403 598 1435 sias
618 1403 712 1435 Urbis
730 1402 976 1446 pertinentium.

682 1482 846 1510 Alexander
866 1483 945 1517 Papa
964 1483 1031 1514 VII,

613 1529 647 1553 ad
669 1530 842 1560 perpetuam
861 1529 906 1554 rei
927 1528 1105 1555 memoriam.

534 1598 592 1631 l’ro
615 1598 782 1631 commissa
807 1599 896 1631 nobis
921 1598 1070 1632 divinitus
1094 1600 1223 1644 dispen-
1243 1614 1245 1653 ξ

488 1651 616 1691 satione,
635 1651 836 1685 basilicarum
862 1652 1058 1696 aliarumque
1082 1653 1226 1687 eeclesia·
1243 1659 1245 1675 ³

489 1715 557 1736 rum
584 1705 820 1746 collegiatarum
852 1711 881 1738 et
914 1706 1102 1738 secularium
1127 1706 1245 1746 almae}

490 1758 580 1790 Urbis
606 1763 732 1791 nostrae
757 1759 944 1791 utilitatibus
975 1759 1083 1792 scdulo
1116 1751 1245 1803 mugi-i

489 1812 605 1852 lantes,
642 1822 675 1843 ac
713 1811 811 1855 probe
841 1817 1040 1855 perspectum
1074 1812 1245 1847 habentesi

489 1869 628 1896 exactam
654 1864 864 1907 regendarum
895 1865 1099 1898 ecclesiarum
1132 1866 1225 1900 ratio-

489 1927 559 1949 nem
587 1928 787 1961 summopere
805 1927 821 1949 a
840 1917 1058 1951 mInistrorum
1075 1919 1227 1953 electione
1243 1941 1244 1952 v

488 1969 676 2012 dependere,
704 1970 845 2013 nihilque
869 1971 968 2014 magis
997 1973 1244 2006 conservationi*

487 2027 517 2054 et
540 2028 709 2064 augmento
736 2023 912 2056 reddituum
938 2035 975 2057 ex
1001 2025 1090 2058 bonis
1112 2030 1245 2069 tempo-2

488 2075 605 2108 ralibus
630 2076 882 2119 provenientium
907 2077 1100 2119 conducere,
1132 2089 1226 2123 quam

486 2128 510 2160 si
529 2129 724 2171 frequentius
738 2130 872 2173 capitula
890 2130 1075 2172 habeantur,
1089 2143 1225 2176 quorum
1242 2145 1244 2155 Α

486 2182 649 2215 occasione
666 2193 775 2215 omnes
792 2188 822 2215 et
838 2183 951 2226 singuli
974 2185 1118 2218 canonici
1141 2197 1226 2229 prae-

486 2241 588 2268 sentes
623 2236 818 2268 instruantur
852 2237 935 2270 circa
967 2238 1012 2270 rei
1049 2239 1244 2280 communis}

487 2289 652 2322 commoda
666 2294 696 2322 et
715 2295 883 2330 momenta,
905 2290 1073 2335 idoneique
1098 2292 1173 2325 liant
1188 2293 1227 2326 ad

488 2343 743 2386 prospiciendum
776 2344 1010 2386 emergentibus
1035 2346 1223 2379 necessitati-

488 2396 555 2436 bus,
581 2402 645 2428 tum
670 2407 777 2440 opere,
802 2402 867 2429 tum
892 2398 1033 2439 consilio,

532 2450 546 2491 ᾗ
571 2449 599 2481 ι1.
624 2449 668 2481 De
693 2450 920 2483 venerabilium
948 2451 1081 2484 fratrum
1107 2455 1227 2486 nostro-

523 2529 533 2554 1
558 2528 647 2555 Potius
667 2530 724 2563 lege
745 2538 789 2557 an.
816 2536 850 2563 n;
880 2530 920 2557 vel
945 2539 987 2558 an.
1016 2526 1131 2558 noemin
1158 2532 1227 2559 foret

486 2574 638 2608 legendum,
656 2578 684 2600 ut
701 2575 780 2601 habet
796 2575 986 2610 Cberubinius,
1005 2585 1058 2611 quo
1080 2585 1142 2605 casu
1164 2586 1225 2612 per—

487 2617 582 2644 tineret
599 2618 630 2644 ad
647 2626 744 2645 anuum
762 2624 919 2654 sequentem
935 2623 971 2654 (ιτ.
990 2622 1037 2655 Ἦ),

1279 220 1429 243 noussen

1270 279 1338 300 rum
1364 268 1393 301 S.
1414 269 1445 301 u.
1463 268 1495 300 E.
1517 267 1734 309 cardinalium,
1759 278 1793 302 ac
1818 268 2005 302 dilectorum

1271 320 1406 353 liliorum
1434 320 1590 353 Romanae
1608 321 1713 353 curiae
1731 321 1943 364 praelatorum
1961 332 2007 354 su-

1269 385 1325 416 per
1346 374 1479 415 negotiis
1506 373 1688 408 visitationis
1705 375 1895 417 apostolieae
1912 375 2006 407 eccle-

1268 426 1384 458 siarum
1403 431 1433 459 et
1449 426 1584 460 aliorum
1600 427 1743 460 locorum
1760 427 1884 471 piorum
1906 427 2006 460 dictae

1270 479 1360 511 lli-bis
1380 490 1395 511 a
1413 479 1503 512 nobis
1518 479 1675 512 institutae
1696 480 1917 523 deputatorum
1936 490 2007 514 con-

1268 532 1347 573 silio,
1368 532 1537 575 apostolica
1564 532 1761 573 auctoritate,
1786 538 1894 566 tenore
1920 543 2007 577 prae-

1268 585 1421 628 sentium,
1449 585 1635 619 mandamus
1660 591 1690 618 et
1713 586 1944 630 praecipimus,
1974 591 2007 619 ut

1268 639 1298 670 in
1324 638 1455 681 singulis
1480 639 1619 672 basilicis
1635 649 1669 672 ac
1690 640 1758 672 aliis
1783 639 1922 673 ecclesiis
1947 639 2008 672 col-

1269 691 1388 734 legiatis
1403 697 1432 724 et
1449 691 1644 725 secularibus
1662 691 1801 725 eiusdem
1816 692 1917 734 Urbis,
1934 697 2007 724 tem-

1268 755 1343 787 pore
1369 745 1495 788 quidem
1522 745 1639 778 aestivo
1660 745 1707 778 bis
1730 745 1761 777 in
1786 755 1904 786 mense,
1920 750 2006 778 extra

1268 803 1389 841 tempus
1414 798 1565 831 aestivum
1592 809 1665 832 vero
1686 798 1818 842 singulis
1841 798 2009 831 hebdoma-

1266 851 1323 890 dis,
1348 853 1462 885 statuta
1487 852 1547 894 die,
1568 858 1597 884 et
1617 852 1696 885 hora
1720 858 1792 896 post
1816 852 2004 886 celebratam

1268 906 1393 939 missam
1420 907 1658 940 conventualem
1683 907 1708 940 si
1734 913 1805 940 ante
1830 906 2005 948 meridiem,

1266 970 1319 993 seu
1337 965 1407 1003 post
1427 960 1588 1003 expletum
1613 960 1752 993 officium
1771 960 1796 993 si
1816 965 1887 1004 post
1911 960 2005 993 meri-

1247 1013 1369 1053 =diem‚
1398 1023 1507 1046 onmes
1533 1013 1675 1047 canonici
1707 1013 1880 1057 respective
1902 1012 2005 1048 inter-

1265 1067 1325 1099 sint
1342 1067 1488 1110 capitulo⁷
1510 1067 1567 1100 sub
1585 1067 1686 1111 poena
1710 1066 1803 1100 unius
1821 1066 1929 1111 puncti
1946 1077 2005 1110 pro

1264 1120 1406 1164 quolibet
1429 1119 1565 1162 absente,
1584 1120 1668 1164 quod
1692 1115 1849 1153 accrescat
1873 1119 2005 1153 interes-

1264 1173 1403 1206 sentibus
1434 1173 1515 1206 ultra
1548 1173 1578 1206 id
1608 1173 1692 1217 quod
1722 1173 1909 1218 quandoque
1936 1172 2004 1206 dari

1264 1227 1342 1260 solet
1359 1237 1416 1270 pro
1434 1226 1587 1260 eiusmodi
1606 1226 1800 1270 p1·aesentia;
1818 1226 1923 1271 ibique
1940 1231 2004 1260 tam

1263 1280 1446 1321 camerarii,
1475 1279 1632 1312 sabricerii
1658 1285 1689 1312 et
1713 1285 1876 1313 exactores
1908 1289 2002 1324 quam

1263 1332 1313 1365 alii
1327 1332 1598 1367 administratores
1612 1332 1768 1366 bonorum
1784 1332 1910 1376 capituli
1923 1342 2004 1365 com-

1244 1385 1422 1426 3municent
1453 1386 1565 1420 ceteris
1589 1385 1726 1428 negotia,
1754 1396 1835 1429 quae
1863 1386 1924 1419 sint
1947 1385 2003 1418 ali-

1261 1439 1350 1472 euius
1386 1439 1536 1472 momenti
1573 1439 1610 1471 ad
1647 1439 1748 1482 ipsam
1784 1439 2001 1473 oeconomiam

1261 1493 1442 1536 spectantia.
1467 1493 1613 1526 Reserant
1638 1493 1733 1526 villici
1761 1504 1857 1538 super
1890 1504 2001 1527 eorum

1262 1546 1446 1587 ministerio,
1471 1546 1594 1590 illisque
1627 1546 1830 1588 absentibus,
1855 1547 2002 1590 legantur

1261 1609 1371 1634 eorum
1395 1600 1526 1642 litterae,
1544 1606 1575 1633 et
1592 1600 1660 1644 ipsi,
1681 1600 1706 1633 si
1731 1611 1811 1644 opus
1831 1600 1935 1643 fuerit,
1952 1610 2002 1634 vo-

1261 1659 1371 1686 centur
1384 1653 1422 1686 ad
1445 1653 1569 1686 Urbem.
1588 1653 1761 1687 Audiantur
1777 1658 2001 1697 procuratores

1261 1717 1357 1750 super
1382 1712 1462 1739 statu
1487 1707 1588 1739 litium
1615 1710 1645 1740 et
1668 1717 1844 1739 causarum.
1865 1706 2001 1740 Ratioci-

1260 1766 1350 1793 nator
1375 1760 1520 1793 exhibeat
1544 1760 1652 1793 solium
1677 1760 1739 1792 dati
1765 1765 1795 1792 et
1819 1760 1947 1804 accepti,
1965 1770 2000 1792 ac

1260 1813 1379 1846 credita
1396 1818 1426 1846 ct
1442 1813 1545 1846 debita
1566 1824 1637 1846 cum
1658 1813 1860 1856 (lepositffl'io,
1877 1823 2000 1847 necnon

1261 1867 1399 1900 notulam
1421 1867 1627 1910 pecuniarum
1652 1866 1890 1910 exigendarum,
1907 1867 2000 1900 aeris-

1261 1930 1321 1964 que
1338 1920 1430 1953 alieni
1452 1919 1661 1964 persolvendi.
1681 1920 1766 1959 Quae
1783 1920 1888 1953 onmia
1905 1930 1998 1954 cano-

1260 1973 1338 2006 nicis
1368 1973 1566 2007 audientibus
1591 1984 1607 2006 a
1632 1973 1803 2006 secretario
1835 1973 1998 2016 legantur,

1261 2033 1294 2060 ut
1311 2037 1420 2060 omnes
1446 2026 1507 2060 sint
1532 2027 1699 2066 informati,
1720 2037 1755 2060 ac
1773 2026 1934 2070 invigilent
1946 2026 2000 2060 bo-

1260 2090 1373 2113 norum
1394 2079 1668 2121 administrationi,
1690 2080 1881 2114 creditorum
1903 2079 1997 2113 celeri

1260 2133 1425 2175 exactioni,
1451 2143 1486 2165 ac
1511 2132 1690 2166 debitorum
1715 2132 1780 2165 suis
1804 2131 1999 2176 temporibus

1259 2186 1416 2219 solutioni.
1438 2185 1568 2227 Negotia
1593 2185 1721 2219 maioris
1747 2185 1897 2218 momenti
1919 2195 1999 2219 non-

1259 2239 1317 2272 nisi
1343 2250 1359 2271 a
1383 2238 1520 2282 capitulo
1550 2244 1581 2271 et
1611 2249 1669 2282 per
1699 2244 1819 2271 secreta
1848 2237 1998 2282 suffragia

1259 2304 1383 2336 semper
1403 2292 1626 2333 deliberentur,
1644 2292 1702 2325 sub
1722 2294 1823 2336 poena
1835 2291 1998 2333 nullitatis,

1259 2346 1390 2389 aliisque
1419 2345 1618 2388 gravioribus
1646 2350 1755 2378 nostro
1779 2349 1809 2379 et
1832 2355 1892 2388 pro
1917 2350 1997 2378 tem-

1258 2410 1335 2443 pore
1361 2398 1520 2432 existentis
1538 2397 1669 2431 Romani
1691 2398 1850 2431 Pontificis
1866 2397 1997 2431 arbitrio

1258 2451 1465 2496 imponendis.
1483 2453 1557 2484 Acta
1573 2451 1770 2494 singulorum
1788 2450 1997 2495 capitulorum

1257 2505 1426 2547 diligenter
1457 2515 1512 2548 per
1544 2505 1746 2539 secretarium
1779 2504 1996 2538 describantur

1257 2557 1288 2590 in
1313 2557 1394 2589 libro
1421 2557 1457 2589 ad
1483 2558 1543 2590 hoc
1568 2557 1751 2601 designato,
1777 2563 1805 2590 et
1832 2558 1859 2589 in
1886 2557 1992 2590 archi-

1259 2612 1340 2644 vium
1368 2612 1498 2654 singulis
1523 2612 1611 2643 aunis
1637 2615 1840 2654 reponantur.

2024 221 2072 247 An.
2089 221 2115 248 C.
2138 223 2199 252 165⁷
2232 225 2236 235 ¹

2022 283 2108 312 siugulis·
2133 284 2199 306 basin.
2232 287 2235 301 t

2023 315 2053 329 cis
2078 311 2199 333 intervenire
2231 313 2234 316 ’

2023 335 2115 356 mandat.
