<?xml version="1.0" encoding="UTF-8"?>
<!DOCTYPE html PUBLIC "-//W3C//DTD XHTML 1.0 Transitional//EN"
    "http://www.w3.org/TR/xhtml1/DTD/xhtml1-transitional.dtd">
<html xmlns="http://www.w3.org/1999/xhtml" xml:lang="en" lang="en">
 <head>
  <title>
</title>
<meta http-equiv="Content-Type" content="text/html;charset=utf-8" />
  <meta name='ocr-system' content='tesseract 3.04.00' />
  <meta name='ocr-capabilities' content='ocr_page ocr_carea ocr_par ocr_line ocrx_word'/>
</head>
<body>
  <div class='ocr_page' id='page_1' title='image "./bullarumdiplomat16cath_0421.png"; bbox 0 0 2243 3205; ppageno 0'>
   <div class='ocr_carea' id='block_1_1' title="bbox 101 210 283 236">
    <p class='ocr_par' dir='ltr' id='par_1_1' title="bbox 101 210 283 236">
     <span class='ocr_line' id='line_1_1' title="bbox 101 210 283 236; baseline -0.016 0"><span class='ocrx_word' id='word_1_1' title='bbox 101 211 147 236; x_wconf 79' lang='grc' dir='ltr'>Αη.</span> <span class='ocrx_word' id='word_1_2' title='bbox 164 210 193 235; x_wconf 79' lang='lat' dir='ltr'>C.</span> <span class='ocrx_word' id='word_1_3' title='bbox 218 210 283 235; x_wconf 60' lang='lat' dir='ltr'>tssssss</span> 
     </span>
    </p>
   </div>
   <div class='ocr_carea' id='block_1_2' title="bbox 99 429 286 637">
    <p class='ocr_par' dir='ltr' id='par_1_2' title="bbox 99 429 286 637">
     <span class='ocr_line' id='line_1_2' title="bbox 127 429 283 450; baseline -0.006 0"><span class='ocrx_word' id='word_1_4' title='bbox 127 429 237 450; x_wconf 77' lang='lat' dir='ltr'>Confirmat</span> <span class='ocrx_word' id='word_1_5' title='bbox 254 430 283 449; x_wconf 63' lang='lat' dir='ltr'>sa-</span> 
     </span>
     <span class='ocr_line' id='line_1_3' title="bbox 99 456 285 481; baseline -0.011 -3"><span class='ocrx_word' id='word_1_6' title='bbox 99 456 198 478; x_wconf 79' lang='lat' dir='ltr'>cultatem</span> <span class='ocrx_word' id='word_1_7' title='bbox 208 461 285 481; x_wconf 77' lang='lat' dir='ltr'>cogn-¹-</span> 
     </span>
     <span class='ocr_line' id='line_1_4' title="bbox 100 483 284 504; baseline -0.005 0"><span class='ocrx_word' id='word_1_8' title='bbox 100 483 171 504; x_wconf 77' lang='lat' dir='ltr'>scendi</span> <span class='ocrx_word' id='word_1_9' title='bbox 209 487 284 503; x_wconf 62' lang='lat' dir='ltr'>cau-ias</span> 
     </span>
     <span class='ocr_line' id='line_1_5' title="bbox 101 510 284 530; baseline -0.005 0"><span class='ocrx_word' id='word_1_10' title='bbox 101 510 284 530; x_wconf 64' lang='lat' dir='ltr'>altasroncessam</span> 
     </span>
     <span class='ocr_line' id='line_1_6' title="bbox 107 535 278 562; baseline -0.006 -6"><span class='ocrx_word' id='word_1_11' title='bbox 107 535 278 562; x_wconf 65' lang='lat' dir='ltr'>praesidentibus</span> 
     </span>
     <span class='ocr_line' id='line_1_7' title="bbox 102 562 285 587; baseline -0.011 -4"><span class='ocrx_word' id='word_1_12' title='bbox 102 562 185 587; x_wconf 73' lang='lat' dir='ltr'>collegii</span> <span class='ocrx_word' id='word_1_13' title='bbox 213 563 285 582; x_wconf 77' lang='lat' dir='ltr'>docto-</span> 
     </span>
     <span class='ocr_line' id='line_1_8' title="bbox 102 588 286 610; baseline -0.005 0"><span class='ocrx_word' id='word_1_14' title='bbox 102 595 146 610; x_wconf 86' lang='lat' dir='ltr'>rum</span> <span class='ocrx_word' id='word_1_15' title='bbox 194 588 286 609; x_wconf 79' lang='lat' dir='ltr'>civitatis</span> 
     </span>
     <span class='ocr_line' id='line_1_9' title="bbox 103 615 225 637; baseline -0.025 0"><span class='ocrx_word' id='word_1_16' title='bbox 103 615 225 637; x_wconf 73' lang='lat' dir='ltr'>Perusinae.</span> 
     </span>
    </p>
   </div>
   <div class='ocr_carea' id='block_1_3' title="bbox 891 208 1214 233">
    <p class='ocr_par' dir='ltr' id='par_1_3' title="bbox 891 208 1214 233">
     <span class='ocr_line' id='line_1_10' title="bbox 891 208 1214 233; baseline -0.006 0"><span class='ocrx_word' id='word_1_17' title='bbox 891 208 1073 233; x_wconf 68' lang='lat' dir='ltr'>ALExANDEn</span> <span class='ocrx_word' id='word_1_18' title='bbox 1099 208 1142 231; x_wconf 83' lang='lat' dir='ltr'>VH</span> <span class='ocrx_word' id='word_1_19' title='bbox 1167 209 1214 232; x_wconf 79' lang='grc' dir='ltr'>ΓΡ.</span> 
     </span>
    </p>
   </div>
   <div class='ocr_carea' id='block_1_4' title="bbox 1716 197 2010 231">
    <p class='ocr_par' dir='ltr' id='par_1_4' title="bbox 1716 197 2010 231">
     <span class='ocr_line' id='line_1_11' title="bbox 1716 197 2010 231; baseline 0.014 -4"><span class='ocrx_word' id='word_1_20' title='bbox 1716 197 1778 229; x_wconf 71' lang='lat'>:387</span> <span class='ocrx_word' id='word_1_21' title='bbox 1827 206 1874 230; x_wconf 69' lang='grc' dir='ltr'>Αη.</span> <span class='ocrx_word' id='word_1_22' title='bbox 1892 206 1918 230; x_wconf 75' lang='lat' dir='ltr'>c.</span> <span class='ocrx_word' id='word_1_23' title='bbox 1945 205 2010 231; x_wconf 61' lang='lat'>¹⁶58</span> 
     </span>
    </p>
   </div>
   <div class='ocr_carea' id='block_1_5' title="bbox 298 253 1813 300">
    <p class='ocr_par' dir='ltr' id='par_1_5' title="bbox 298 253 1813 300">
     <span class='ocr_line' id='line_1_12' title="bbox 298 253 1813 300; baseline -0.002 -11"><span class='ocrx_word' id='word_1_24' title='bbox 298 268 349 289; x_wconf 86' lang='lat' dir='ltr'>sus</span> <span class='ocrx_word' id='word_1_25' title='bbox 373 262 403 289; x_wconf 86' lang='lat' dir='ltr'>ct</span> <span class='ocrx_word' id='word_1_26' title='bbox 427 257 595 290; x_wconf 83' lang='lat' dir='ltr'>sententias</span> <span class='ocrx_word' id='word_1_27' title='bbox 621 257 737 289; x_wconf 80' lang='lat' dir='ltr'>nullius</span> <span class='ocrx_word' id='word_1_28' title='bbox 764 256 887 290; x_wconf 88' lang='lat' dir='ltr'>roboris</span> <span class='ocrx_word' id='word_1_29' title='bbox 906 257 951 289; x_wconf 76' lang='lat' dir='ltr'>vel</span> <span class='ocrx_word' id='word_1_30' title='bbox 972 267 1036 289; x_wconf 91' lang='lat' dir='ltr'>mo·</span> <span class='ocrx_word' id='word_1_31' title='bbox 1069 266 1107 288; x_wconf 87' lang='lat' dir='ltr'>ne</span> <span class='ocrx_word' id='word_1_32' title='bbox 1143 256 1350 299; x_wconf 86' lang='lat' dir='ltr'>imposterum</span> <span class='ocrx_word' id='word_1_33' title='bbox 1386 255 1443 300; x_wconf 86' lang='lat' dir='ltr'>ipsi</span> <span class='ocrx_word' id='word_1_34' title='bbox 1479 256 1524 288; x_wconf 85' lang='lat' dir='ltr'>vel</span> <span class='ocrx_word' id='word_1_35' title='bbox 1557 265 1666 288; x_wconf 79' lang='lat' dir='ltr'>corum</span> <span class='ocrx_word' id='word_1_36' title='bbox 1701 253 1813 297; x_wconf 87' lang='lat' dir='ltr'>aliquis</span> 
     </span>
    </p>
   </div>
   <div class='ocr_carea' id='block_1_6' title="bbox 298 310 1057 2547">
    <p class='ocr_par' dir='ltr' id='par_1_6' title="bbox 298 310 1037 397">
     <span class='ocr_line' id='line_1_13' title="bbox 298 310 1037 355; baseline -0.001 -13"><span class='ocrx_word' id='word_1_37' title='bbox 298 310 393 343; x_wconf 89' lang='lat' dir='ltr'>menti</span> <span class='ocrx_word' id='word_1_38' title='bbox 420 311 496 353; x_wconf 83' lang='lat' dir='ltr'>sore,</span> <span class='ocrx_word' id='word_1_39' title='bbox 523 311 714 355; x_wconf 80' lang='lat' dir='ltr'>minimeque</span> <span class='ocrx_word' id='word_1_40' title='bbox 740 310 848 354; x_wconf 78' lang='lat' dir='ltr'>exequi</span> <span class='ocrx_word' id='word_1_41' title='bbox 875 320 967 354; x_wconf 88' lang='lat' dir='ltr'>posse</span> <span class='ocrx_word' id='word_1_42' title='bbox 985 315 1037 342; x_wconf 86' lang='lat' dir='ltr'>aut</span> 
     </span>
     <span class='ocr_line' id='line_1_14' title="bbox 298 363 423 397; baseline 0.008 -2"><span class='ocrx_word' id='word_1_43' title='bbox 298 363 423 397; x_wconf 86' lang='lat' dir='ltr'>debere.</span> 
     </span>
    </p>

    <p class='ocr_par' dir='ltr' id='par_1_7' title="bbox 300 416 1057 2547">
     <span class='ocr_line' id='line_1_15' title="bbox 343 416 1039 460; baseline -0.001 -11"><span class='ocrx_word' id='word_1_44' title='bbox 343 416 358 459; x_wconf 58' lang='grc' dir='ltr'>ᾖ</span> <span class='ocrx_word' id='word_1_45' title='bbox 382 416 411 449; x_wconf 64' lang='lat'>⁹2.</span> <span class='ocrx_word' id='word_1_46' title='bbox 437 418 511 450; x_wconf 88' lang='lat' dir='ltr'>Cum</span> <span class='ocrx_word' id='word_1_47' title='bbox 530 422 645 459; x_wconf 85' lang='lat' dir='ltr'>autem,</span> <span class='ocrx_word' id='word_1_48' title='bbox 663 418 742 451; x_wconf 87' lang='lat' dir='ltr'>sicut</span> <span class='ocrx_word' id='word_1_49' title='bbox 760 417 867 450; x_wconf 88' lang='lat' dir='ltr'>eadem</span> <span class='ocrx_word' id='word_1_50' title='bbox 886 416 1039 460; x_wconf 74' lang='lat' dir='ltr'>expositio</span> 
     </span>
     <span class='ocr_line' id='line_1_16' title="bbox 300 469 1040 514; baseline -0.001 -12"><span class='ocrx_word' id='word_1_51' title='bbox 300 469 528 513; x_wconf 80' lang='lat' dir='ltr'>subiungebat,</span> <span class='ocrx_word' id='word_1_52' title='bbox 560 470 610 514; x_wconf 90' lang='lat' dir='ltr'>qui</span> <span class='ocrx_word' id='word_1_53' title='bbox 644 470 820 504; x_wconf 86' lang='lat' dir='ltr'>novissimis</span> <span class='ocrx_word' id='word_1_54' title='bbox 846 469 1040 513; x_wconf 74' lang='lat' dir='ltr'>temporibus</span> 
     </span>
     <span class='ocr_line' id='line_1_17' title="bbox 300 522 1041 568; baseline 0 -13"><span class='ocrx_word' id='word_1_55' title='bbox 300 522 426 556; x_wconf 88' lang='lat' dir='ltr'>suerunt</span> <span class='ocrx_word' id='word_1_56' title='bbox 459 523 590 556; x_wconf 87' lang='lat' dir='ltr'>civitatis</span> <span class='ocrx_word' id='word_1_57' title='bbox 620 524 778 568; x_wconf 75' lang='lat' dir='ltr'>praefatae</span> <span class='ocrx_word' id='word_1_58' title='bbox 814 523 1041 566; x_wconf 70' lang='lat' dir='ltr'>gubernatores</span> 
     </span>
     <span class='ocr_line' id='line_1_18' title="bbox 302 577 1041 622; baseline 0 -12"><span class='ocrx_word' id='word_1_59' title='bbox 302 582 492 610; x_wconf 85' lang='lat' dir='ltr'>memoratas</span> <span class='ocrx_word' id='word_1_60' title='bbox 517 588 625 610; x_wconf 89' lang='lat' dir='ltr'>causas</span> <span class='ocrx_word' id='word_1_61' title='bbox 649 578 895 622; x_wconf 81' lang='lat' dir='ltr'>appellationum</span> <span class='ocrx_word' id='word_1_62' title='bbox 916 577 946 609; x_wconf 92' lang='lat' dir='ltr'>in</span> <span class='ocrx_word' id='word_1_63' title='bbox 965 577 1041 621; x_wconf 89' lang='lat' dir='ltr'>ipsis</span> 
     </span>
     <span class='ocr_line' id='line_1_19' title="bbox 302 631 1042 675; baseline -0.001 -11"><span class='ocrx_word' id='word_1_64' title='bbox 302 631 513 664; x_wconf 81' lang='lat' dir='ltr'>concessionis</span> <span class='ocrx_word' id='word_1_65' title='bbox 538 642 632 675; x_wconf 88' lang='lat' dir='ltr'>supra</span> <span class='ocrx_word' id='word_1_66' title='bbox 657 642 824 675; x_wconf 81' lang='lat' dir='ltr'>expressae</span> <span class='ocrx_word' id='word_1_67' title='bbox 857 631 1000 664; x_wconf 88' lang='lat' dir='ltr'>terminis</span> <span class='ocrx_word' id='word_1_68' title='bbox 1026 641 1042 663; x_wconf 91' lang='lat' dir='ltr'>a</span> 
     </span>
     <span class='ocr_line' id='line_1_20' title="bbox 302 684 1042 728; baseline -0.001 -11"><span class='ocrx_word' id='word_1_69' title='bbox 302 684 448 727; x_wconf 79' lang='lat' dir='ltr'>praefatis</span> <span class='ocrx_word' id='word_1_70' title='bbox 472 684 723 728; x_wconf 76' lang='lat' dir='ltr'>praesidentibus</span> <span class='ocrx_word' id='word_1_71' title='bbox 746 695 879 718; x_wconf 87' lang='lat' dir='ltr'>avocare</span> <span class='ocrx_word' id='word_1_72' title='bbox 903 690 1042 717; x_wconf 83' lang='lat' dir='ltr'>tentave-</span> 
     </span>
     <span class='ocr_line' id='line_1_21' title="bbox 304 737 1044 783; baseline 0.001 -14"><span class='ocrx_word' id='word_1_73' title='bbox 304 737 386 777; x_wconf 85' lang='lat' dir='ltr'>rint;</span> <span class='ocrx_word' id='word_1_74' title='bbox 411 737 548 783; x_wconf 80' lang='lat' dir='ltr'>dictique</span> <span class='ocrx_word' id='word_1_75' title='bbox 573 743 765 782; x_wconf 83' lang='lat' dir='ltr'>exponentes</span> <span class='ocrx_word' id='word_1_76' title='bbox 789 743 957 782; x_wconf 88' lang='lat' dir='ltr'>propterea</span> <span class='ocrx_word' id='word_1_77' title='bbox 972 765 979 779; x_wconf 94' lang='lat'>,</span> <span class='ocrx_word' id='word_1_78' title='bbox 1004 747 1044 770; x_wconf 89' lang='lat' dir='ltr'>ne</span> 
     </span>
     <span class='ocr_line' id='line_1_22' title="bbox 304 791 1044 836; baseline -0.001 -12"><span class='ocrx_word' id='word_1_79' title='bbox 304 791 463 825; x_wconf 85' lang='lat' dir='ltr'>concessio</span> <span class='ocrx_word' id='word_1_80' title='bbox 483 791 682 833; x_wconf 89' lang='lat' dir='ltr'>huiusmodi,</span> <span class='ocrx_word' id='word_1_81' title='bbox 707 802 807 836; x_wconf 86' lang='lat' dir='ltr'>quae,</span> <span class='ocrx_word' id='word_1_82' title='bbox 832 797 866 824; x_wconf 85' lang='lat' dir='ltr'>ut</span> <span class='ocrx_word' id='word_1_83' title='bbox 890 796 1044 831; x_wconf 87' lang='lat' dir='ltr'>asserunt,</span> 
     </span>
     <span class='ocr_line' id='line_1_23' title="bbox 304 844 1044 889; baseline 0.001 -13"><span class='ocrx_word' id='word_1_84' title='bbox 304 844 405 877; x_wconf 89' lang='lat' dir='ltr'>adhuc</span> <span class='ocrx_word' id='word_1_85' title='bbox 430 845 459 877; x_wconf 91' lang='lat' dir='ltr'>in</span> <span class='ocrx_word' id='word_1_86' title='bbox 485 855 542 877; x_wconf 91' lang='lat' dir='ltr'>usu</span> <span class='ocrx_word' id='word_1_87' title='bbox 566 850 631 887; x_wconf 90' lang='lat' dir='ltr'>est,</span> <span class='ocrx_word' id='word_1_88' title='bbox 666 850 696 878; x_wconf 88' lang='lat' dir='ltr'>et</span> <span class='ocrx_word' id='word_1_89' title='bbox 725 845 871 889; x_wconf 88' lang='lat' dir='ltr'>publicae</span> <span class='ocrx_word' id='word_1_90' title='bbox 903 845 1044 878; x_wconf 87' lang='lat' dir='ltr'>eiusdem</span> 
     </span>
     <span class='ocr_line' id='line_1_24' title="bbox 305 897 1042 938; baseline 0.001 -9"><span class='ocrx_word' id='word_1_91' title='bbox 305 897 436 930; x_wconf 88' lang='lat' dir='ltr'>civitatis</span> <span class='ocrx_word' id='word_1_92' title='bbox 462 897 585 930; x_wconf 84' lang='lat' dir='ltr'>utilitati</span> <span class='ocrx_word' id='word_1_93' title='bbox 610 897 698 931; x_wconf 86' lang='lat' dir='ltr'>valde</span> <span class='ocrx_word' id='word_1_94' title='bbox 724 897 892 938; x_wconf 86' lang='lat' dir='ltr'>conducit,</span> <span class='ocrx_word' id='word_1_95' title='bbox 925 898 1042 930; x_wconf 85' lang='lat' dir='ltr'>labefa-</span> 
     </span>
     <span class='ocr_line' id='line_1_25' title="bbox 305 949 1042 994; baseline 0 -11"><span class='ocrx_word' id='word_1_96' title='bbox 305 949 437 991; x_wconf 85' lang='lat' dir='ltr'>ctetur¹‚</span> <span class='ocrx_word' id='word_1_97' title='bbox 462 956 639 994; x_wconf 89' lang='lat' dir='ltr'>opportune</span> <span class='ocrx_word' id='word_1_98' title='bbox 663 950 721 984; x_wconf 83' lang='lat' dir='ltr'>sibi</span> <span class='ocrx_word' id='word_1_99' title='bbox 742 962 759 983; x_wconf 85' lang='lat' dir='ltr'>a</span> <span class='ocrx_word' id='word_1_100' title='bbox 779 950 870 984; x_wconf 87' lang='lat' dir='ltr'>nobis</span> <span class='ocrx_word' id='word_1_101' title='bbox 896 951 925 982; x_wconf 92' lang='lat' dir='ltr'>in</span> <span class='ocrx_word' id='word_1_102' title='bbox 947 961 1042 994; x_wconf 87' lang='lat' dir='ltr'>prae-</span> 
     </span>
     <span class='ocr_line' id='line_1_26' title="bbox 305 1004 1045 1049; baseline -0.001 -12"><span class='ocrx_word' id='word_1_103' title='bbox 305 1005 408 1037; x_wconf 82' lang='lat' dir='ltr'>missis</span> <span class='ocrx_word' id='word_1_104' title='bbox 433 1004 592 1049; x_wconf 91' lang='lat' dir='ltr'>provideri</span> <span class='ocrx_word' id='word_1_105' title='bbox 617 1015 821 1049; x_wconf 81' lang='lat' dir='ltr'>summopere</span> <span class='ocrx_word' id='word_1_106' title='bbox 846 1004 1045 1037; x_wconf 77' lang='lat' dir='ltr'>desiderent:</span> 
     </span>
     <span class='ocr_line' id='line_1_27' title="bbox 306 1057 1047 1102; baseline -0.001 -12"><span class='ocrx_word' id='word_1_107' title='bbox 306 1068 372 1098; x_wconf 87' lang='lat' dir='ltr'>nos,</span> <span class='ocrx_word' id='word_1_108' title='bbox 399 1057 581 1091; x_wconf 88' lang='lat' dir='ltr'>eorumdem</span> <span class='ocrx_word' id='word_1_109' title='bbox 602 1058 824 1102; x_wconf 85' lang='lat' dir='ltr'>exponentium</span> <span class='ocrx_word' id='word_1_110' title='bbox 845 1058 922 1091; x_wconf 87' lang='lat' dir='ltr'>votis</span> <span class='ocrx_word' id='word_1_111' title='bbox 940 1058 998 1091; x_wconf 79' lang='lat' dir='ltr'>liae</span> <span class='ocrx_word' id='word_1_112' title='bbox 1016 1057 1047 1090; x_wconf 93' lang='lat' dir='ltr'>in</span> 
     </span>
     <span class='ocr_line' id='line_1_28' title="bbox 306 1111 1048 1156; baseline 0 -13"><span class='ocrx_word' id='word_1_113' title='bbox 306 1121 340 1144; x_wconf 89' lang='lat' dir='ltr'>re</span> <span class='ocrx_word' id='word_1_114' title='bbox 366 1111 577 1145; x_wconf 72' lang='lat' dir='ltr'>favorabiliter</span> <span class='ocrx_word' id='word_1_115' title='bbox 602 1122 740 1145; x_wconf 78' lang='lat' dir='ltr'>annuere</span> <span class='ocrx_word' id='word_1_116' title='bbox 762 1111 934 1156; x_wconf 86' lang='lat' dir='ltr'>cupientes,</span> <span class='ocrx_word' id='word_1_117' title='bbox 953 1117 983 1143; x_wconf 80' lang='lat' dir='ltr'>et</span> <span class='ocrx_word' id='word_1_118' title='bbox 999 1122 1048 1144; x_wconf 87' lang='lat' dir='ltr'>eo-</span> 
     </span>
     <span class='ocr_line' id='line_1_29' title="bbox 306 1165 1048 1210; baseline 0 -13"><span class='ocrx_word' id='word_1_119' title='bbox 306 1175 377 1197; x_wconf 82' lang='lat' dir='ltr'>rum</span> <span class='ocrx_word' id='word_1_120' title='bbox 402 1165 576 1208; x_wconf 76' lang='lat' dir='ltr'>singulares</span> <span class='ocrx_word' id='word_1_121' title='bbox 599 1176 752 1210; x_wconf 81' lang='lat' dir='ltr'>personas</span> <span class='ocrx_word' id='word_1_122' title='bbox 776 1176 793 1198; x_wconf 91' lang='lat' dir='ltr'>a</span> <span class='ocrx_word' id='word_1_123' title='bbox 817 1165 979 1209; x_wconf 77' lang='lat' dir='ltr'>quibusvis</span> <span class='ocrx_word' id='word_1_124' title='bbox 1000 1175 1048 1197; x_wconf 86' lang='lat' dir='ltr'>ex-</span> 
     </span>
     <span class='ocr_line' id='line_1_30' title="bbox 306 1219 1049 1263; baseline -0.001 -12"><span class='ocrx_word' id='word_1_125' title='bbox 306 1219 623 1261; x_wconf 87' lang='lat' dir='ltr'>communicationis,</span> <span class='ocrx_word' id='word_1_126' title='bbox 656 1219 869 1263; x_wconf 76' lang='lat' dir='ltr'>suspensionis</span> <span class='ocrx_word' id='word_1_127' title='bbox 896 1224 925 1252; x_wconf 92' lang='lat' dir='ltr'>et</span> <span class='ocrx_word' id='word_1_128' title='bbox 957 1219 1049 1251; x_wconf 87' lang='lat' dir='ltr'>inter-</span> 
     </span>
     <span class='ocr_line' id='line_1_31' title="bbox 306 1272 1049 1316; baseline 0.001 -13"><span class='ocrx_word' id='word_1_129' title='bbox 306 1272 392 1312; x_wconf 87' lang='lat' dir='ltr'>dicti,</span> <span class='ocrx_word' id='word_1_130' title='bbox 406 1272 537 1316; x_wconf 89' lang='lat' dir='ltr'>aliisque</span> <span class='ocrx_word' id='word_1_131' title='bbox 552 1273 770 1306; x_wconf 87' lang='lat' dir='ltr'>ecclesiasticis</span> <span class='ocrx_word' id='word_1_132' title='bbox 788 1272 960 1313; x_wconf 85' lang='lat' dir='ltr'>sententiis,</span> <span class='ocrx_word' id='word_1_133' title='bbox 981 1282 1049 1305; x_wconf 89' lang='lat' dir='ltr'>cen-</span> 
     </span>
     <span class='ocr_line' id='line_1_32' title="bbox 307 1325 1048 1370; baseline 0.001 -12"><span class='ocrx_word' id='word_1_134' title='bbox 307 1325 389 1358; x_wconf 79' lang='lat' dir='ltr'>suris</span> <span class='ocrx_word' id='word_1_135' title='bbox 421 1331 450 1359; x_wconf 91' lang='lat' dir='ltr'>et</span> <span class='ocrx_word' id='word_1_136' title='bbox 474 1326 599 1370; x_wconf 88' lang='lat' dir='ltr'>poenis,</span> <span class='ocrx_word' id='word_1_137' title='bbox 625 1337 642 1359; x_wconf 88' lang='lat' dir='ltr'>a</span> <span class='ocrx_word' id='word_1_138' title='bbox 666 1326 735 1359; x_wconf 89' lang='lat' dir='ltr'>iure</span> <span class='ocrx_word' id='word_1_139' title='bbox 760 1327 805 1360; x_wconf 88' lang='lat' dir='ltr'>vel</span> <span class='ocrx_word' id='word_1_140' title='bbox 832 1326 870 1359; x_wconf 82' lang='lat' dir='ltr'>ab</span> <span class='ocrx_word' id='word_1_141' title='bbox 900 1327 1048 1367; x_wconf 85' lang='lat' dir='ltr'>bomine,</span> 
     </span>
     <span class='ocr_line' id='line_1_33' title="bbox 307 1379 1049 1423; baseline 0.003 -13"><span class='ocrx_word' id='word_1_142' title='bbox 307 1379 415 1422; x_wconf 89' lang='lat' dir='ltr'>quavis</span> <span class='ocrx_word' id='word_1_143' title='bbox 433 1380 598 1413; x_wconf 85' lang='lat' dir='ltr'>occasione</span> <span class='ocrx_word' id='word_1_144' title='bbox 612 1380 657 1413; x_wconf 91' lang='lat' dir='ltr'>vel</span> <span class='ocrx_word' id='word_1_145' title='bbox 676 1381 770 1413; x_wconf 72' lang='lat' dir='ltr'>causa</span> <span class='ocrx_word' id='word_1_146' title='bbox 796 1380 875 1422; x_wconf 85' lang='lat' dir='ltr'>latis,</span> <span class='ocrx_word' id='word_1_147' title='bbox 892 1381 917 1413; x_wconf 90' lang='lat' dir='ltr'>si</span> <span class='ocrx_word' id='word_1_148' title='bbox 935 1380 1049 1423; x_wconf 90' lang='lat' dir='ltr'>quibus</span> 
     </span>
     <span class='ocr_line' id='line_1_34' title="bbox 306 1433 1050 1477; baseline 0 -11"><span class='ocrx_word' id='word_1_149' title='bbox 306 1433 547 1476; x_wconf 88' lang='lat' dir='ltr'>quomodolibet</span> <span class='ocrx_word' id='word_1_150' title='bbox 572 1434 737 1467; x_wconf 82' lang='lat' dir='ltr'>innodatae</span> <span class='ocrx_word' id='word_1_151' title='bbox 763 1434 959 1477; x_wconf 81' lang='lat' dir='ltr'>existunt,ad</span> <span class='ocrx_word' id='word_1_152' title='bbox 979 1433 1050 1466; x_wconf 80' lang='lat' dir='ltr'>effe-</span> 
     </span>
     <span class='ocr_line' id='line_1_35' title="bbox 309 1487 1049 1531; baseline 0 -12"><span class='ocrx_word' id='word_1_153' title='bbox 309 1492 392 1519; x_wconf 89' lang='lat' dir='ltr'>ctum</span> <span class='ocrx_word' id='word_1_154' title='bbox 426 1487 638 1531; x_wconf 85' lang='lat' dir='ltr'>praesentium</span> <span class='ocrx_word' id='word_1_155' title='bbox 667 1487 827 1520; x_wconf 78' lang='lat' dir='ltr'>dumtaxat</span> <span class='ocrx_word' id='word_1_156' title='bbox 856 1497 1049 1531; x_wconf 89' lang='lat' dir='ltr'>consequen-</span> 
     </span>
     <span class='ocr_line' id='line_1_36' title="bbox 309 1540 1051 1583; baseline 0 -10"><span class='ocrx_word' id='word_1_157' title='bbox 309 1540 395 1583; x_wconf 90' lang='lat' dir='ltr'>dum,</span> <span class='ocrx_word' id='word_1_158' title='bbox 410 1541 521 1574; x_wconf 88' lang='lat' dir='ltr'>barum</span> <span class='ocrx_word' id='word_1_159' title='bbox 536 1540 616 1574; x_wconf 87' lang='lat' dir='ltr'>serie</span> <span class='ocrx_word' id='word_1_160' title='bbox 634 1541 830 1574; x_wconf 77' lang='lat' dir='ltr'>absolventes</span> <span class='ocrx_word' id='word_1_161' title='bbox 846 1546 876 1573; x_wconf 85' lang='lat' dir='ltr'>et</span> <span class='ocrx_word' id='word_1_162' title='bbox 892 1541 1051 1574; x_wconf 87' lang='lat' dir='ltr'>absolutas</span> 
     </span>
     <span class='ocr_line' id='line_1_37' title="bbox 308 1593 1051 1638; baseline -0.001 -11"><span class='ocrx_word' id='word_1_163' title='bbox 308 1593 376 1627; x_wconf 87' lang='lat' dir='ltr'>sore</span> <span class='ocrx_word' id='word_1_164' title='bbox 388 1599 560 1635; x_wconf 84' lang='lat' dir='ltr'>censentes,</span> <span class='ocrx_word' id='word_1_165' title='bbox 581 1604 700 1627; x_wconf 87' lang='lat' dir='ltr'>necnon</span> <span class='ocrx_word' id='word_1_166' title='bbox 715 1594 926 1638; x_wconf 80' lang='lat' dir='ltr'>praefatarum</span> <span class='ocrx_word' id='word_1_167' title='bbox 941 1594 1051 1627; x_wconf 89' lang='lat' dir='ltr'>Leonis</span> 
     </span>
     <span class='ocr_line' id='line_1_38' title="bbox 309 1646 1050 1691; baseline -0.001 -11"><span class='ocrx_word' id='word_1_168' title='bbox 309 1652 340 1680; x_wconf 85' lang='lat' dir='ltr'>et</span> <span class='ocrx_word' id='word_1_169' title='bbox 364 1646 531 1681; x_wconf 87' lang='lat' dir='ltr'>Clementis</span> <span class='ocrx_word' id='word_1_170' title='bbox 563 1647 842 1691; x_wconf 86' lang='lat' dir='ltr'>praedecessorum</span> <span class='ocrx_word' id='word_1_171' title='bbox 875 1648 1050 1680; x_wconf 87' lang='lat' dir='ltr'>litterarum</span> 
     </span>
     <span class='ocr_line' id='line_1_39' title="bbox 312 1700 1050 1745; baseline 0.001 -13"><span class='ocrx_word' id='word_1_172' title='bbox 312 1705 438 1734; x_wconf 83' lang='lat' dir='ltr'>tenores</span> <span class='ocrx_word' id='word_1_173' title='bbox 466 1701 683 1745; x_wconf 83' lang='lat' dir='ltr'>praesentibus</span> <span class='ocrx_word' id='word_1_174' title='bbox 708 1712 765 1745; x_wconf 90' lang='lat' dir='ltr'>pro</span> <span class='ocrx_word' id='word_1_175' title='bbox 791 1701 881 1744; x_wconf 83' lang='lat' dir='ltr'>plene</span> <span class='ocrx_word' id='word_1_176' title='bbox 906 1706 936 1733; x_wconf 90' lang='lat' dir='ltr'>et</span> <span class='ocrx_word' id='word_1_177' title='bbox 960 1700 1050 1733; x_wconf 85' lang='lat' dir='ltr'>suffi-</span> 
     </span>
     <span class='ocr_line' id='line_1_40' title="bbox 313 1753 1053 1798; baseline -0.003 -11"><span class='ocrx_word' id='word_1_178' title='bbox 313 1753 431 1787; x_wconf 87' lang='lat' dir='ltr'>cienter</span> <span class='ocrx_word' id='word_1_179' title='bbox 455 1754 610 1798; x_wconf 86' lang='lat' dir='ltr'>expressis</span> <span class='ocrx_word' id='word_1_180' title='bbox 630 1754 791 1795; x_wconf 76' lang='lat' dir='ltr'>habentes,</span> <span class='ocrx_word' id='word_1_181' title='bbox 817 1754 1053 1798; x_wconf 85' lang='lat' dir='ltr'>supplicationi-</span> 
     </span>
     <span class='ocr_line' id='line_1_41' title="bbox 311 1807 1053 1852; baseline 0 -12"><span class='ocrx_word' id='word_1_182' title='bbox 311 1807 370 1841; x_wconf 88' lang='lat' dir='ltr'>bus</span> <span class='ocrx_word' id='word_1_183' title='bbox 394 1807 549 1841; x_wconf 87' lang='lat' dir='ltr'>dictorum</span> <span class='ocrx_word' id='word_1_184' title='bbox 577 1808 799 1852; x_wconf 79' lang='lat' dir='ltr'>exponentium</span> <span class='ocrx_word' id='word_1_185' title='bbox 817 1807 944 1841; x_wconf 89' lang='lat' dir='ltr'>nomine</span> <span class='ocrx_word' id='word_1_186' title='bbox 962 1807 1053 1840; x_wconf 84' lang='lat' dir='ltr'>nobis</span> 
     </span>
     <span class='ocr_line' id='line_1_42' title="bbox 312 1861 1051 1906; baseline -0.003 -11"><span class='ocrx_word' id='word_1_187' title='bbox 312 1872 407 1906; x_wconf 85' lang='lat' dir='ltr'>super</span> <span class='ocrx_word' id='word_1_188' title='bbox 431 1862 492 1895; x_wconf 87' lang='lat' dir='ltr'>boe</span> <span class='ocrx_word' id='word_1_189' title='bbox 516 1861 678 1894; x_wconf 85' lang='lat' dir='ltr'>humiliter</span> <span class='ocrx_word' id='word_1_190' title='bbox 703 1861 857 1905; x_wconf 88' lang='lat' dir='ltr'>porrectis</span> <span class='ocrx_word' id='word_1_191' title='bbox 891 1861 1051 1902; x_wconf 87' lang='lat' dir='ltr'>inclinati,</span> 
     </span>
     <span class='ocr_line' id='line_1_43' title="bbox 313 1914 1054 1958; baseline -0.001 -10"><span class='ocrx_word' id='word_1_192' title='bbox 313 1915 546 1948; x_wconf 86' lang='lat' dir='ltr'>concessionem</span> <span class='ocrx_word' id='word_1_193' title='bbox 572 1914 702 1958; x_wconf 80' lang='lat' dir='ltr'>praefati</span> <span class='ocrx_word' id='word_1_194' title='bbox 732 1914 843 1948; x_wconf 82' lang='lat' dir='ltr'>Leonis</span> <span class='ocrx_word' id='word_1_195' title='bbox 873 1914 1054 1958; x_wconf 86' lang='lat' dir='ltr'>praedeces-</span> 
     </span>
     <span class='ocr_line' id='line_1_44' title="bbox 314 1967 1053 2013; baseline 0 -13"><span class='ocrx_word' id='word_1_196' title='bbox 314 1969 394 2003; x_wconf 86' lang='lat' dir='ltr'>soris</span> <span class='ocrx_word' id='word_1_197' title='bbox 419 1980 512 2013; x_wconf 87' lang='lat' dir='ltr'>super</span> <span class='ocrx_word' id='word_1_198' title='bbox 537 1969 679 2002; x_wconf 82' lang='lat' dir='ltr'>facultate</span> <span class='ocrx_word' id='word_1_199' title='bbox 706 1967 916 2011; x_wconf 82' lang='lat' dir='ltr'>cognoscendi</span> <span class='ocrx_word' id='word_1_200' title='bbox 944 1978 1053 2001; x_wconf 87' lang='lat' dir='ltr'>causas</span> 
     </span>
     <span class='ocr_line' id='line_1_45' title="bbox 314 2021 1054 2066; baseline -0.001 -12"><span class='ocrx_word' id='word_1_201' title='bbox 314 2022 559 2066; x_wconf 83' lang='lat' dir='ltr'>appellationum</span> <span class='ocrx_word' id='word_1_202' title='bbox 587 2021 761 2065; x_wconf 78' lang='lat' dir='ltr'>praedictas</span> <span class='ocrx_word' id='word_1_203' title='bbox 787 2026 960 2054; x_wconf 90' lang='lat' dir='ltr'>emanatam</span> <span class='ocrx_word' id='word_1_204' title='bbox 988 2026 1017 2053; x_wconf 90' lang='lat' dir='ltr'>et</span> <span class='ocrx_word' id='word_1_205' title='bbox 1037 2032 1054 2053; x_wconf 89' lang='lat' dir='ltr'>a</span> 
     </span>
     <span class='ocr_line' id='line_1_46' title="bbox 315 2075 1056 2119; baseline -0.001 -11"><span class='ocrx_word' id='word_1_206' title='bbox 315 2080 489 2110; x_wconf 88' lang='lat' dir='ltr'>memorato</span> <span class='ocrx_word' id='word_1_207' title='bbox 520 2076 678 2109; x_wconf 87' lang='lat' dir='ltr'>Clemente</span> <span class='ocrx_word' id='word_1_208' title='bbox 709 2075 951 2119; x_wconf 88' lang='lat' dir='ltr'>praedecessore</span> <span class='ocrx_word' id='word_1_209' title='bbox 984 2085 1056 2108; x_wconf 90' lang='lat' dir='ltr'>con-</span> 
     </span>
     <span class='ocr_line' id='line_1_47' title="bbox 315 2128 1054 2173; baseline -0.003 -11"><span class='ocrx_word' id='word_1_210' title='bbox 315 2129 471 2163; x_wconf 83' lang='lat' dir='ltr'>firmatam</span> <span class='ocrx_word' id='word_1_211' title='bbox 497 2134 529 2162; x_wconf 91' lang='lat' dir='ltr'>ut</span> <span class='ocrx_word' id='word_1_212' title='bbox 553 2129 740 2173; x_wconf 86' lang='lat' dir='ltr'>praesertur‚</span> <span class='ocrx_word' id='word_1_213' title='bbox 753 2139 885 2171; x_wconf 89' lang='lat' dir='ltr'>necnon,</span> <span class='ocrx_word' id='word_1_214' title='bbox 905 2128 935 2160; x_wconf 91' lang='lat' dir='ltr'>in</span> <span class='ocrx_word' id='word_1_215' title='bbox 959 2138 1054 2172; x_wconf 88' lang='lat' dir='ltr'>quan-</span> 
     </span>
     <span class='ocr_line' id='line_1_48' title="bbox 316 2182 1054 2225; baseline -0.001 -10"><span class='ocrx_word' id='word_1_216' title='bbox 316 2189 380 2217; x_wconf 89' lang='lat' dir='ltr'>tum</span> <span class='ocrx_word' id='word_1_217' title='bbox 407 2183 492 2216; x_wconf 89' lang='lat' dir='ltr'>illam</span> <span class='ocrx_word' id='word_1_218' title='bbox 520 2188 714 2216; x_wconf 88' lang='lat' dir='ltr'>concernunt</span> <span class='ocrx_word' id='word_1_219' title='bbox 738 2182 913 2223; x_wconf 81' lang='lat' dir='ltr'>dumtaxat,</span> <span class='ocrx_word' id='word_1_220' title='bbox 940 2192 1054 2225; x_wconf 90' lang='lat' dir='ltr'>supra-</span> 
     </span>
     <span class='ocr_line' id='line_1_49' title="bbox 315 2236 1054 2280; baseline -0.003 -10"><span class='ocrx_word' id='word_1_221' title='bbox 315 2237 414 2270; x_wconf 89' lang='lat' dir='ltr'>dictas</span> <span class='ocrx_word' id='word_1_222' title='bbox 423 2237 534 2270; x_wconf 90' lang='lat' dir='ltr'>Leonis</span> <span class='ocrx_word' id='word_1_223' title='bbox 552 2242 581 2270; x_wconf 90' lang='lat' dir='ltr'>et</span> <span class='ocrx_word' id='word_1_224' title='bbox 593 2236 761 2270; x_wconf 87' lang='lat' dir='ltr'>Clementis</span> <span class='ocrx_word' id='word_1_225' title='bbox 774 2236 1054 2280; x_wconf 85' lang='lat' dir='ltr'>praedecessorum</span> 
     </span>
     <span class='ocr_line' id='line_1_50' title="bbox 315 2289 1054 2334; baseline -0.001 -12"><span class='ocrx_word' id='word_1_226' title='bbox 315 2290 445 2331; x_wconf 83' lang='lat' dir='ltr'>litteras,</span> <span class='ocrx_word' id='word_1_227' title='bbox 470 2294 622 2334; x_wconf 88' lang='lat' dir='ltr'>quatenus</span> <span class='ocrx_word' id='word_1_228' title='bbox 646 2290 708 2323; x_wconf 85' lang='lat' dir='ltr'>sint</span> <span class='ocrx_word' id='word_1_229' title='bbox 727 2290 758 2322; x_wconf 91' lang='lat' dir='ltr'>in</span> <span class='ocrx_word' id='word_1_230' title='bbox 776 2300 845 2330; x_wconf 91' lang='lat' dir='ltr'>usu,</span> <span class='ocrx_word' id='word_1_231' title='bbox 866 2289 1054 2323; x_wconf 89' lang='lat' dir='ltr'>auctoritate</span> 
     </span>
     <span class='ocr_line' id='line_1_51' title="bbox 317 2342 1057 2388; baseline -0.004 -13"><span class='ocrx_word' id='word_1_232' title='bbox 317 2343 499 2388; x_wconf 81' lang='lat' dir='ltr'>apostolica,</span> <span class='ocrx_word' id='word_1_233' title='bbox 520 2348 628 2376; x_wconf 89' lang='lat' dir='ltr'>tenore</span> <span class='ocrx_word' id='word_1_234' title='bbox 645 2343 871 2387; x_wconf 81' lang='lat' dir='ltr'>praesentium,</span> <span class='ocrx_word' id='word_1_235' title='bbox 893 2342 1057 2375; x_wconf 82' lang='lat' dir='ltr'>confirma-</span> 
     </span>
     <span class='ocr_line' id='line_1_52' title="bbox 318 2394 1057 2439; baseline -0.004 -10"><span class='ocrx_word' id='word_1_236' title='bbox 318 2407 388 2429; x_wconf 89' lang='lat' dir='ltr'>mus</span> <span class='ocrx_word' id='word_1_237' title='bbox 412 2401 442 2429; x_wconf 88' lang='lat' dir='ltr'>et</span> <span class='ocrx_word' id='word_1_238' title='bbox 465 2396 696 2439; x_wconf 69' lang='lat' dir='ltr'>approbamus,</span> <span class='ocrx_word' id='word_1_239' title='bbox 728 2395 903 2427; x_wconf 82' lang='lat' dir='ltr'>inhibentes</span> <span class='ocrx_word' id='word_1_240' title='bbox 939 2394 1057 2438; x_wconf 88' lang='lat' dir='ltr'>pariter</span> 
     </span>
     <span class='ocr_line' id='line_1_53' title="bbox 318 2447 1057 2493; baseline -0.003 -12"><span class='ocrx_word' id='word_1_241' title='bbox 318 2449 428 2493; x_wconf 83' lang='lat' dir='ltr'>legatis</span> <span class='ocrx_word' id='word_1_242' title='bbox 449 2476 466 2492; x_wconf 21' lang='grc' dir='ltr'>,Ἴ</span> <span class='ocrx_word' id='word_1_243' title='bbox 500 2449 679 2492; x_wconf 75' lang='lat' dir='ltr'>vicelegatis</span> <span class='ocrx_word' id='word_1_244' title='bbox 720 2452 749 2482; x_wconf 86' lang='lat' dir='ltr'>et</span> <span class='ocrx_word' id='word_1_245' title='bbox 791 2447 1057 2491; x_wconf 79' lang='lat' dir='ltr'>gubernatoribus</span> 
     </span>
     <span class='ocr_line' id='line_1_54' title="bbox 318 2501 1057 2547; baseline -0.004 -11"><span class='ocrx_word' id='word_1_246' title='bbox 318 2503 466 2547; x_wconf 73' lang='lat' dir='ltr'>praefatis</span> <span class='ocrx_word' id='word_1_247' title='bbox 498 2503 527 2535; x_wconf 93' lang='lat' dir='ltr'>in</span> <span class='ocrx_word' id='word_1_248' title='bbox 555 2503 667 2535; x_wconf 89' lang='lat' dir='ltr'>virtute</span> <span class='ocrx_word' id='word_1_249' title='bbox 693 2507 816 2535; x_wconf 86' lang='lat' dir='ltr'>sanctae</span> <span class='ocrx_word' id='word_1_250' title='bbox 841 2501 1057 2543; x_wconf 86' lang='lat' dir='ltr'>obedientiae,</span> 
     </span>
    </p>
   </div>
   <div class='ocr_carea' id='block_1_7' title="bbox 356 2619 977 2654">
    <p class='ocr_par' dir='ltr' id='par_1_8' title="bbox 356 2619 977 2654">
     <span class='ocr_line' id='line_1_55' title="bbox 356 2619 977 2654; baseline -0.006 -7"><span class='ocrx_word' id='word_1_251' title='bbox 356 2622 368 2647; x_wconf 77' lang='lat'>¹</span> <span class='ocrx_word' id='word_1_252' title='bbox 393 2620 460 2647; x_wconf 74' lang='lat' dir='ltr'>Edit.</span> <span class='ocrx_word' id='word_1_253' title='bbox 483 2619 558 2646; x_wconf 63' lang='grc' dir='ltr'>Μαίη.</span> <span class='ocrx_word' id='word_1_254' title='bbox 582 2619 646 2654; x_wconf 74' lang='lat' dir='ltr'>legit</span> <span class='ocrx_word' id='word_1_255' title='bbox 667 2619 858 2652; x_wconf 75' lang='lat' dir='ltr'>labefizclatur</span> <span class='ocrx_word' id='word_1_256' title='bbox 874 2625 912 2647; x_wconf 66' lang='grc' dir='ltr'>(ιι.</span> <span class='ocrx_word' id='word_1_257' title='bbox 930 2622 977 2650; x_wconf 83' lang='grc' dir='ltr'>τ.).</span> 
     </span>
    </p>
   </div>
   <div class='ocr_carea' id='block_1_8' title="bbox 1054 304 1065 881">
    <p class='ocr_par' dir='ltr' id='par_1_9' title="bbox 1054 304 1065 881">
     <span class='ocr_line' id='line_1_56' title="bbox 1054 304 1065 881; baseline 0 0"><span class='ocrx_word' id='word_1_258' title='bbox 1054 304 1065 881; x_wconf 95' lang='lat' dir='ltr'> </span> 
     </span>
    </p>
   </div>
   <div class='ocr_carea' id='block_1_9' title="bbox 1056 304 1073 1686">
    <p class='ocr_par' dir='ltr' id='par_1_10' title="bbox 1056 304 1073 1686">
     <span class='ocr_line' id='line_1_57' title="bbox 1056 304 1073 1686; baseline 0 0"><span class='ocrx_word' id='word_1_259' title='bbox 1056 304 1073 1686; x_wconf 95' lang='lat' dir='ltr'> </span> 
     </span>
    </p>
   </div>
   <div class='ocr_carea' id='block_1_10' title="bbox 1071 307 1829 2113">
    <p class='ocr_par' dir='ltr' id='par_1_11' title="bbox 1071 307 1815 572">
     <span class='ocr_line' id='line_1_58' title="bbox 1071 307 1814 353; baseline -0.004 -12"><span class='ocrx_word' id='word_1_260' title='bbox 1071 319 1180 342; x_wconf 86' lang='lat' dir='ltr'>causas</span> <span class='ocrx_word' id='word_1_261' title='bbox 1205 308 1396 351; x_wconf 85' lang='lat' dir='ltr'>huiusmodi,</span> <span class='ocrx_word' id='word_1_262' title='bbox 1415 315 1580 353; x_wconf 86' lang='lat' dir='ltr'>postquam</span> <span class='ocrx_word' id='word_1_263' title='bbox 1599 318 1705 342; x_wconf 89' lang='lat' dir='ltr'>coram</span> <span class='ocrx_word' id='word_1_264' title='bbox 1725 307 1814 339; x_wconf 79' lang='lat' dir='ltr'>dictis</span> 
     </span>
     <span class='ocr_line' id='line_1_59' title="bbox 1072 362 1815 406; baseline -0.001 -12"><span class='ocrx_word' id='word_1_265' title='bbox 1072 362 1321 406; x_wconf 87' lang='lat' dir='ltr'>praesidentibus</span> <span class='ocrx_word' id='word_1_266' title='bbox 1332 362 1526 396; x_wconf 85' lang='lat' dir='ltr'>introductae</span> <span class='ocrx_word' id='word_1_267' title='bbox 1544 362 1671 403; x_wconf 83' lang='lat' dir='ltr'>suerint,</span> <span class='ocrx_word' id='word_1_268' title='bbox 1684 371 1815 394; x_wconf 84' lang='lat' dir='ltr'>avocare</span> 
     </span>
     <span class='ocr_line' id='line_1_60' title="bbox 1073 416 1815 459; baseline -0.001 -11"><span class='ocrx_word' id='word_1_269' title='bbox 1073 421 1103 449; x_wconf 84' lang='lat' dir='ltr'>et</span> <span class='ocrx_word' id='word_1_270' title='bbox 1127 416 1194 449; x_wconf 90' lang='lat' dir='ltr'>aliis</span> <span class='ocrx_word' id='word_1_271' title='bbox 1220 416 1376 449; x_wconf 88' lang='lat' dir='ltr'>iudicibus</span> <span class='ocrx_word' id='word_1_272' title='bbox 1396 417 1602 457; x_wconf 79' lang='lat' dir='ltr'>committere,</span> <span class='ocrx_word' id='word_1_273' title='bbox 1619 421 1671 448; x_wconf 90' lang='lat' dir='ltr'>aut</span> <span class='ocrx_word' id='word_1_274' title='bbox 1688 425 1815 459; x_wconf 80' lang='lat' dir='ltr'>quoquo</span> 
     </span>
     <span class='ocr_line' id='line_1_61' title="bbox 1076 469 1815 514; baseline -0.001 -12"><span class='ocrx_word' id='word_1_275' title='bbox 1076 469 1169 502; x_wconf 90' lang='lat' dir='ltr'>modo</span> <span class='ocrx_word' id='word_1_276' title='bbox 1194 469 1440 503; x_wconf 87' lang='lat' dir='ltr'>iurisdictionem</span> <span class='ocrx_word' id='word_1_277' title='bbox 1468 471 1564 514; x_wconf 86' lang='lat' dir='ltr'>ipsam</span> <span class='ocrx_word' id='word_1_278' title='bbox 1589 470 1743 513; x_wconf 84' lang='lat' dir='ltr'>impedire</span> <span class='ocrx_word' id='word_1_279' title='bbox 1764 480 1815 501; x_wconf 85' lang='lat' dir='ltr'>va-</span> 
     </span>
     <span class='ocr_line' id='line_1_62' title="bbox 1075 524 1658 572; baseline -0.003 -16"><span class='ocrx_word' id='word_1_280' title='bbox 1075 524 1158 556; x_wconf 87' lang='lat' dir='ltr'>leant</span> <span class='ocrx_word' id='word_1_281' title='bbox 1183 533 1237 555; x_wconf 84' lang='lat' dir='ltr'>seu</span> <span class='ocrx_word' id='word_1_282' title='bbox 1262 529 1475 566; x_wconf 87' lang='lat' dir='ltr'>praesumant.</span> <span class='ocrx_word' id='word_1_283' title='bbox 1649 564 1658 572; x_wconf 32' lang='grc' dir='ltr'>ι</span> 
     </span>
    </p>

    <p class='ocr_par' dir='ltr' id='par_1_12' title="bbox 1077 576 1829 1576">
     <span class='ocr_line' id='line_1_63' title="bbox 1121 576 1816 620; baseline -0.001 -11"><span class='ocrx_word' id='word_1_284' title='bbox 1121 577 1135 620; x_wconf 67' lang='grc' dir='ltr'>ξ,</span> <span class='ocrx_word' id='word_1_285' title='bbox 1158 576 1187 609; x_wconf 77' lang='lat'>3.</span> <span class='ocrx_word' id='word_1_286' title='bbox 1213 577 1253 609; x_wconf 70' lang='lat' dir='ltr'>Ac</span> <span class='ocrx_word' id='word_1_287' title='bbox 1278 576 1484 609; x_wconf 84' lang='lat' dir='ltr'>decernentes</span> <span class='ocrx_word' id='word_1_288' title='bbox 1508 577 1614 610; x_wconf 89' lang='lat' dir='ltr'>omnia</span> <span class='ocrx_word' id='word_1_289' title='bbox 1639 583 1667 609; x_wconf 88' lang='lat' dir='ltr'>et</span> <span class='ocrx_word' id='word_1_290' title='bbox 1694 576 1816 619; x_wconf 74' lang='lat' dir='ltr'>singula</span> 
     </span>
     <span class='ocr_line' id='line_1_64' title="bbox 1077 630 1819 674; baseline 0 -11"><span class='ocrx_word' id='word_1_291' title='bbox 1077 636 1186 664; x_wconf 86' lang='lat' dir='ltr'>contra</span> <span class='ocrx_word' id='word_1_292' title='bbox 1209 630 1381 674; x_wconf 87' lang='lat' dir='ltr'>praemissa</span> <span class='ocrx_word' id='word_1_293' title='bbox 1401 635 1478 671; x_wconf 85' lang='lat' dir='ltr'>acta,</span> <span class='ocrx_word' id='word_1_294' title='bbox 1503 641 1671 674; x_wconf 86' lang='lat' dir='ltr'>processus</span> <span class='ocrx_word' id='word_1_295' title='bbox 1697 635 1725 663; x_wconf 91' lang='lat' dir='ltr'>et</span> <span class='ocrx_word' id='word_1_296' title='bbox 1752 640 1819 663; x_wconf 81' lang='lat' dir='ltr'>scn-</span> 
     </span>
     <span class='ocr_line' id='line_1_65' title="bbox 1078 683 1817 723; baseline -0.001 -6"><span class='ocrx_word' id='word_1_297' title='bbox 1078 684 1188 717; x_wconf 89' lang='lat' dir='ltr'>tentias</span> <span class='ocrx_word' id='word_1_298' title='bbox 1213 684 1328 716; x_wconf 91' lang='lat' dir='ltr'>nullius</span> <span class='ocrx_word' id='word_1_299' title='bbox 1354 683 1478 717; x_wconf 85' lang='lat' dir='ltr'>roboris</span> <span class='ocrx_word' id='word_1_300' title='bbox 1497 684 1542 716; x_wconf 90' lang='lat' dir='ltr'>vel</span> <span class='ocrx_word' id='word_1_301' title='bbox 1565 684 1715 716; x_wconf 85' lang='lat' dir='ltr'>momenti</span> <span class='ocrx_word' id='word_1_302' title='bbox 1740 684 1817 723; x_wconf 81' lang='lat' dir='ltr'>sore,</span> 
     </span>
     <span class='ocr_line' id='line_1_66' title="bbox 1079 737 1819 781; baseline -0.001 -10"><span class='ocrx_word' id='word_1_303' title='bbox 1079 739 1270 781; x_wconf 86' lang='lat' dir='ltr'>minimeque</span> <span class='ocrx_word' id='word_1_304' title='bbox 1296 737 1406 781; x_wconf 82' lang='lat' dir='ltr'>exequi</span> <span class='ocrx_word' id='word_1_305' title='bbox 1431 748 1522 781; x_wconf 84' lang='lat' dir='ltr'>posse</span> <span class='ocrx_word' id='word_1_306' title='bbox 1538 742 1590 771; x_wconf 86' lang='lat' dir='ltr'>aut</span> <span class='ocrx_word' id='word_1_307' title='bbox 1610 738 1734 778; x_wconf 66' lang='lat' dir='ltr'>debereg</span> <span class='ocrx_word' id='word_1_308' title='bbox 1753 748 1819 770; x_wconf 84' lang='lat' dir='ltr'>eas-</span> 
     </span>
     <span class='ocr_line' id='line_1_67' title="bbox 1079 792 1820 836; baseline -0.003 -11"><span class='ocrx_word' id='word_1_309' title='bbox 1079 793 1149 825; x_wconf 89' lang='lat' dir='ltr'>dem</span> <span class='ocrx_word' id='word_1_310' title='bbox 1175 803 1299 836; x_wconf 87' lang='lat' dir='ltr'>quoque</span> <span class='ocrx_word' id='word_1_311' title='bbox 1331 796 1511 835; x_wconf 85' lang='lat' dir='ltr'>praesentes</span> <span class='ocrx_word' id='word_1_312' title='bbox 1543 792 1661 825; x_wconf 84' lang='lat' dir='ltr'>litteras</span> <span class='ocrx_word' id='word_1_313' title='bbox 1695 802 1820 835; x_wconf 80' lang='lat' dir='ltr'>semper</span> 
     </span>
     <span class='ocr_line' id='line_1_68' title="bbox 1080 845 1821 886; baseline 0 -8"><span class='ocrx_word' id='word_1_314' title='bbox 1080 845 1204 886; x_wconf 80' lang='lat' dir='ltr'>firmas,</span> <span class='ocrx_word' id='word_1_315' title='bbox 1234 845 1349 878; x_wconf 89' lang='lat' dir='ltr'>validas</span> <span class='ocrx_word' id='word_1_316' title='bbox 1384 849 1413 879; x_wconf 85' lang='lat' dir='ltr'>et</span> <span class='ocrx_word' id='word_1_317' title='bbox 1446 845 1587 878; x_wconf 80' lang='lat' dir='ltr'>efficaces</span> <span class='ocrx_word' id='word_1_318' title='bbox 1622 845 1755 877; x_wconf 80' lang='lat' dir='ltr'>existere</span> <span class='ocrx_word' id='word_1_319' title='bbox 1792 849 1821 878; x_wconf 73' lang='lat' dir='ltr'>et</span> 
     </span>
     <span class='ocr_line' id='line_1_69' title="bbox 1080 898 1820 943; baseline -0.001 -12"><span class='ocrx_word' id='word_1_320' title='bbox 1080 900 1167 941; x_wconf 83' lang='lat' dir='ltr'>sore,</span> <span class='ocrx_word' id='word_1_321' title='bbox 1193 910 1228 931; x_wconf 88' lang='lat' dir='ltr'>ac</span> <span class='ocrx_word' id='word_1_322' title='bbox 1254 899 1484 943; x_wconf 84' lang='lat' dir='ltr'>exponentibus</span> <span class='ocrx_word' id='word_1_323' title='bbox 1509 898 1677 942; x_wconf 83' lang='lat' dir='ltr'>praedictis</span> <span class='ocrx_word' id='word_1_324' title='bbox 1705 899 1820 942; x_wconf 88' lang='lat' dir='ltr'>plenis-</span> 
     </span>
     <span class='ocr_line' id='line_1_70' title="bbox 1081 952 1822 995; baseline -0.003 -10"><span class='ocrx_word' id='word_1_325' title='bbox 1081 953 1158 985; x_wconf 90' lang='lat' dir='ltr'>sime</span> <span class='ocrx_word' id='word_1_326' title='bbox 1184 952 1362 995; x_wconf 76' lang='lat' dir='ltr'>suffragari,</span> <span class='ocrx_word' id='word_1_327' title='bbox 1388 959 1416 985; x_wconf 85' lang='lat' dir='ltr'>et</span> <span class='ocrx_word' id='word_1_328' title='bbox 1442 952 1480 985; x_wconf 87' lang='lat' dir='ltr'>ab</span> <span class='ocrx_word' id='word_1_329' title='bbox 1506 952 1576 992; x_wconf 90' lang='lat' dir='ltr'>illis,</span> <span class='ocrx_word' id='word_1_330' title='bbox 1598 952 1634 984; x_wconf 89' lang='lat' dir='ltr'>ad</span> <span class='ocrx_word' id='word_1_331' title='bbox 1654 963 1732 995; x_wconf 81' lang='lat' dir='ltr'>quos</span> <span class='ocrx_word' id='word_1_332' title='bbox 1754 962 1822 995; x_wconf 88' lang='lat' dir='ltr'>spe-</span> 
     </span>
     <span class='ocr_line' id='line_1_71' title="bbox 1081 1006 1822 1050; baseline 0 -12"><span class='ocrx_word' id='word_1_333' title='bbox 1081 1011 1139 1038; x_wconf 80' lang='lat' dir='ltr'>ctat</span> <span class='ocrx_word' id='word_1_334' title='bbox 1163 1012 1192 1039; x_wconf 92' lang='lat' dir='ltr'>et</span> <span class='ocrx_word' id='word_1_335' title='bbox 1216 1017 1274 1050; x_wconf 89' lang='lat' dir='ltr'>pro</span> <span class='ocrx_word' id='word_1_336' title='bbox 1300 1011 1442 1050; x_wconf 87' lang='lat' dir='ltr'>tempore</span> <span class='ocrx_word' id='word_1_337' title='bbox 1468 1006 1632 1050; x_wconf 84' lang='lat' dir='ltr'>spectabit,</span> <span class='ocrx_word' id='word_1_338' title='bbox 1658 1006 1822 1038; x_wconf 82' lang='lat' dir='ltr'>inviolabi-</span> 
     </span>
     <span class='ocr_line' id='line_1_72' title="bbox 1081 1060 1823 1104; baseline -0.001 -12"><span class='ocrx_word' id='word_1_339' title='bbox 1081 1060 1152 1093; x_wconf 86' lang='lat' dir='ltr'>liter</span> <span class='ocrx_word' id='word_1_340' title='bbox 1176 1060 1356 1101; x_wconf 84' lang='lat' dir='ltr'>observari,</span> <span class='ocrx_word' id='word_1_341' title='bbox 1378 1061 1484 1104; x_wconf 83' lang='lat' dir='ltr'>sicque</span> <span class='ocrx_word' id='word_1_342' title='bbox 1510 1061 1540 1093; x_wconf 90' lang='lat' dir='ltr'>in</span> <span class='ocrx_word' id='word_1_343' title='bbox 1565 1060 1747 1103; x_wconf 75' lang='lat' dir='ltr'>praemissis</span> <span class='ocrx_word' id='word_1_344' title='bbox 1767 1070 1823 1103; x_wconf 83' lang='lat' dir='ltr'>per</span> 
     </span>
     <span class='ocr_line' id='line_1_73' title="bbox 1081 1113 1822 1159; baseline -0.003 -12"><span class='ocrx_word' id='word_1_345' title='bbox 1081 1126 1298 1159; x_wconf 84' lang='lat' dir='ltr'>quoscumque</span> <span class='ocrx_word' id='word_1_346' title='bbox 1324 1115 1442 1147; x_wconf 85' lang='lat' dir='ltr'>iudices</span> <span class='ocrx_word' id='word_1_347' title='bbox 1468 1114 1644 1147; x_wconf 87' lang='lat' dir='ltr'>ordinarios</span> <span class='ocrx_word' id='word_1_348' title='bbox 1676 1118 1704 1146; x_wconf 89' lang='lat' dir='ltr'>et</span> <span class='ocrx_word' id='word_1_349' title='bbox 1738 1113 1822 1145; x_wconf 80' lang='lat' dir='ltr'>dele-</span> 
     </span>
     <span class='ocr_line' id='line_1_74' title="bbox 1081 1167 1823 1212; baseline -0.005 -11"><span class='ocrx_word' id='word_1_350' title='bbox 1081 1175 1187 1212; x_wconf 67' lang='lat' dir='ltr'>gatos,</span> <span class='ocrx_word' id='word_1_351' title='bbox 1214 1169 1306 1202; x_wconf 87' lang='lat' dir='ltr'>etiam</span> <span class='ocrx_word' id='word_1_352' title='bbox 1333 1179 1500 1201; x_wconf 81' lang='lat' dir='ltr'>causarum</span> <span class='ocrx_word' id='word_1_353' title='bbox 1526 1168 1630 1211; x_wconf 83' lang='lat' dir='ltr'>palatii</span> <span class='ocrx_word' id='word_1_354' title='bbox 1661 1167 1823 1210; x_wconf 78' lang='lat' dir='ltr'>apostolici</span> 
     </span>
     <span class='ocr_line' id='line_1_75' title="bbox 1082 1220 1823 1263; baseline -0.005 -9"><span class='ocrx_word' id='word_1_355' title='bbox 1082 1223 1263 1263; x_wconf 86' lang='lat' dir='ltr'>auditores,</span> <span class='ocrx_word' id='word_1_356' title='bbox 1288 1228 1318 1254; x_wconf 91' lang='lat' dir='ltr'>ct</span> <span class='ocrx_word' id='word_1_357' title='bbox 1343 1222 1371 1254; x_wconf 78' lang='lat' dir='ltr'>S.</span> <span class='ocrx_word' id='word_1_358' title='bbox 1397 1223 1431 1254; x_wconf 73' lang='lat' dir='ltr'>R.</span> <span class='ocrx_word' id='word_1_359' title='bbox 1459 1222 1490 1254; x_wconf 86' lang='lat' dir='ltr'>E.</span> <span class='ocrx_word' id='word_1_360' title='bbox 1517 1221 1704 1261; x_wconf 71' lang='lat' dir='ltr'>cardinales,</span> <span class='ocrx_word' id='word_1_361' title='bbox 1731 1220 1823 1252; x_wconf 80' lang='lat' dir='ltr'>etiam</span> 
     </span>
     <span class='ocr_line' id='line_1_76' title="bbox 1082 1274 1824 1318; baseline -0.004 -11"><span class='ocrx_word' id='word_1_362' title='bbox 1082 1275 1119 1308; x_wconf 87' lang='lat' dir='ltr'>dc</span> <span class='ocrx_word' id='word_1_363' title='bbox 1145 1275 1241 1307; x_wconf 84' lang='lat' dir='ltr'>latere.</span> <span class='ocrx_word' id='word_1_364' title='bbox 1266 1276 1396 1318; x_wconf 46' lang='lat' dir='ltr'>legatos</span> <span class='ocrx_word' id='word_1_365' title='bbox 1423 1284 1596 1318; x_wconf 87' lang='lat' dir='ltr'>eorumque</span> <span class='ocrx_word' id='word_1_366' title='bbox 1627 1274 1824 1315; x_wconf 68' lang='lat' dir='ltr'>vicele-gatos,</span> 
     </span>
     <span class='ocr_line' id='line_1_77' title="bbox 1083 1326 1823 1370; baseline -0.005 -9"><span class='ocrx_word' id='word_1_367' title='bbox 1083 1339 1117 1361; x_wconf 85' lang='lat' dir='ltr'>ac</span> <span class='ocrx_word' id='word_1_368' title='bbox 1142 1329 1243 1361; x_wconf 87' lang='lat' dir='ltr'>dictae</span> <span class='ocrx_word' id='word_1_369' title='bbox 1268 1328 1401 1361; x_wconf 83' lang='lat' dir='ltr'>civitatis</span> <span class='ocrx_word' id='word_1_370' title='bbox 1426 1328 1664 1370; x_wconf 78' lang='lat' dir='ltr'>gubernatores,</span> <span class='ocrx_word' id='word_1_371' title='bbox 1692 1326 1823 1358; x_wconf 84' lang='lat' dir='ltr'>iudicari</span> 
     </span>
     <span class='ocr_line' id='line_1_78' title="bbox 1084 1380 1824 1425; baseline -0.005 -10"><span class='ocrx_word' id='word_1_372' title='bbox 1084 1388 1113 1415; x_wconf 87' lang='lat' dir='ltr'>et</span> <span class='ocrx_word' id='word_1_373' title='bbox 1137 1382 1260 1415; x_wconf 81' lang='lat' dir='ltr'>definiri</span> <span class='ocrx_word' id='word_1_374' title='bbox 1279 1382 1404 1422; x_wconf 82' lang='lat' dir='ltr'>debere,</span> <span class='ocrx_word' id='word_1_375' title='bbox 1425 1382 1611 1425; x_wconf 82' lang='lat' dir='ltr'>irritumque</span> <span class='ocrx_word' id='word_1_376' title='bbox 1630 1387 1659 1413; x_wconf 88' lang='lat' dir='ltr'>et</span> <span class='ocrx_word' id='word_1_377' title='bbox 1679 1381 1779 1419; x_wconf 81' lang='lat' dir='ltr'>inane,</span> <span class='ocrx_word' id='word_1_378' title='bbox 1801 1380 1824 1411; x_wconf 81' lang='lat' dir='ltr'>si</span> 
     </span>
     <span class='ocr_line' id='line_1_79' title="bbox 1084 1435 1825 1480; baseline -0.004 -12"><span class='ocrx_word' id='word_1_379' title='bbox 1084 1447 1174 1470; x_wconf 80' lang='lat' dir='ltr'>secus</span> <span class='ocrx_word' id='word_1_380' title='bbox 1189 1447 1283 1480; x_wconf 81' lang='lat' dir='ltr'>super</span> <span class='ocrx_word' id='word_1_381' title='bbox 1308 1436 1355 1468; x_wconf 81' lang='lat' dir='ltr'>liis</span> <span class='ocrx_word' id='word_1_382' title='bbox 1373 1447 1389 1468; x_wconf 84' lang='lat' dir='ltr'>a</span> <span class='ocrx_word' id='word_1_383' title='bbox 1407 1446 1578 1479; x_wconf 82' lang='lat' dir='ltr'>quoquam,</span> <span class='ocrx_word' id='word_1_384' title='bbox 1592 1435 1701 1478; x_wconf 81' lang='lat' dir='ltr'>quavis</span> <span class='ocrx_word' id='word_1_385' title='bbox 1724 1439 1825 1466; x_wconf 83' lang='lat' dir='ltr'>aueto-</span> 
     </span>
     <span class='ocr_line' id='line_1_80' title="bbox 1085 1488 1829 1532; baseline -0.005 -9"><span class='ocrx_word' id='word_1_386' title='bbox 1085 1491 1184 1531; x_wconf 84' lang='lat' dir='ltr'>ritate,</span> <span class='ocrx_word' id='word_1_387' title='bbox 1211 1491 1345 1523; x_wconf 87' lang='lat' dir='ltr'>scienter</span> <span class='ocrx_word' id='word_1_388' title='bbox 1371 1490 1416 1522; x_wconf 89' lang='lat' dir='ltr'>vel</span> <span class='ocrx_word' id='word_1_389' title='bbox 1444 1490 1635 1532; x_wconf 71' lang='lat' dir='ltr'>ignoranter,</span> <span class='ocrx_word' id='word_1_390' title='bbox 1662 1488 1829 1531; x_wconf 72' lang='lat' dir='ltr'>eontigerit</span> 
     </span>
     <span class='ocr_line' id='line_1_81' title="bbox 1084 1544 1239 1576; baseline 0.006 -1"><span class='ocrx_word' id='word_1_391' title='bbox 1084 1544 1239 1576; x_wconf 85' lang='lat' dir='ltr'>attentari.</span> 
     </span>
    </p>

    <p class='ocr_par' dir='ltr' id='par_1_13' title="bbox 1086 1597 1828 1908">
     <span class='ocr_line' id='line_1_82' title="bbox 1130 1597 1827 1639; baseline -0.003 -10"><span class='ocrx_word' id='word_1_392' title='bbox 1130 1597 1192 1639; x_wconf 63' lang='lat' dir='ltr'>gli.</span> <span class='ocrx_word' id='word_1_393' title='bbox 1219 1597 1286 1631; x_wconf 85' lang='lat' dir='ltr'>Non</span> <span class='ocrx_word' id='word_1_394' title='bbox 1312 1597 1507 1630; x_wconf 88' lang='lat' dir='ltr'>obstantibus</span> <span class='ocrx_word' id='word_1_395' title='bbox 1532 1597 1727 1639; x_wconf 82' lang='lat' dir='ltr'>praemissis,</span> <span class='ocrx_word' id='word_1_396' title='bbox 1754 1606 1827 1628; x_wconf 80' lang='lat' dir='ltr'>nec-</span> 
     </span>
     <span class='ocr_line' id='line_1_83' title="bbox 1086 1649 1828 1693; baseline -0.001 -11"><span class='ocrx_word' id='word_1_397' title='bbox 1086 1660 1148 1683; x_wconf 89' lang='lat' dir='ltr'>non</span> <span class='ocrx_word' id='word_1_398' title='bbox 1174 1650 1318 1683; x_wconf 87' lang='lat' dir='ltr'>omnibus</span> <span class='ocrx_word' id='word_1_399' title='bbox 1344 1657 1374 1683; x_wconf 86' lang='lat' dir='ltr'>et</span> <span class='ocrx_word' id='word_1_400' title='bbox 1399 1650 1539 1693; x_wconf 76' lang='lat' dir='ltr'>singulis,</span> <span class='ocrx_word' id='word_1_401' title='bbox 1556 1660 1636 1693; x_wconf 84' lang='lat' dir='ltr'>quac</span> <span class='ocrx_word' id='word_1_402' title='bbox 1656 1650 1684 1682; x_wconf 91' lang='lat' dir='ltr'>in</span> <span class='ocrx_word' id='word_1_403' title='bbox 1706 1649 1828 1693; x_wconf 90' lang='lat' dir='ltr'>praedi-</span> 
     </span>
     <span class='ocr_line' id='line_1_84' title="bbox 1087 1703 1828 1738; baseline -0.001 -2"><span class='ocrx_word' id='word_1_404' title='bbox 1087 1704 1143 1737; x_wconf 83' lang='lat' dir='ltr'>ctis</span> <span class='ocrx_word' id='word_1_405' title='bbox 1173 1709 1418 1738; x_wconf 85' lang='lat' dir='ltr'>memoratorum</span> <span class='ocrx_word' id='word_1_406' title='bbox 1457 1705 1568 1737; x_wconf 88' lang='lat' dir='ltr'>Leonis</span> <span class='ocrx_word' id='word_1_407' title='bbox 1600 1708 1629 1738; x_wconf 70' lang='lat' dir='ltr'>et.</span> <span class='ocrx_word' id='word_1_408' title='bbox 1661 1703 1828 1737; x_wconf 80' lang='lat' dir='ltr'>Clementis</span> 
     </span>
     <span class='ocr_line' id='line_1_85' title="bbox 1089 1757 1828 1801; baseline -0.001 -12"><span class='ocrx_word' id='word_1_409' title='bbox 1089 1757 1366 1801; x_wconf 84' lang='lat' dir='ltr'>praedecessorum</span> <span class='ocrx_word' id='word_1_410' title='bbox 1377 1758 1488 1791; x_wconf 85' lang='lat' dir='ltr'>litteris</span> <span class='ocrx_word' id='word_1_411' title='bbox 1499 1757 1671 1801; x_wconf 83' lang='lat' dir='ltr'>respective</span> <span class='ocrx_word' id='word_1_412' title='bbox 1682 1766 1828 1790; x_wconf 81' lang='lat' dir='ltr'>concessa</span> 
     </span>
     <span class='ocr_line' id='line_1_86' title="bbox 1087 1810 1828 1854; baseline -0.003 -10"><span class='ocrx_word' id='word_1_413' title='bbox 1087 1817 1158 1844; x_wconf 84' lang='lat' dir='ltr'>sunt</span> <span class='ocrx_word' id='word_1_414' title='bbox 1183 1822 1244 1844; x_wconf 90' lang='lat' dir='ltr'>non</span> <span class='ocrx_word' id='word_1_415' title='bbox 1279 1812 1426 1851; x_wconf 83' lang='lat' dir='ltr'>obstare,</span> <span class='ocrx_word' id='word_1_416' title='bbox 1459 1812 1632 1854; x_wconf 77' lang='lat' dir='ltr'>ceterisque</span> <span class='ocrx_word' id='word_1_417' title='bbox 1663 1810 1828 1843; x_wconf 84' lang='lat' dir='ltr'>contrariis</span> 
     </span>
     <span class='ocr_line' id='line_1_87' title="bbox 1087 1865 1350 1908; baseline 0 -11"><span class='ocrx_word' id='word_1_418' title='bbox 1087 1865 1350 1908; x_wconf 83' lang='lat' dir='ltr'>quibuscumque.</span> 
     </span>
    </p>

    <p class='ocr_par' dir='ltr' id='par_1_14' title="bbox 1088 1917 1828 2113">
     <span class='ocr_line' id='line_1_88' title="bbox 1132 1917 1822 1962; baseline -0.004 -11"><span class='ocrx_word' id='word_1_419' title='bbox 1132 1919 1241 1951; x_wconf 83' lang='lat' dir='ltr'>Datum</span> <span class='ocrx_word' id='word_1_420' title='bbox 1274 1919 1407 1958; x_wconf 77' lang='lat' dir='ltr'>Romae,</span> <span class='ocrx_word' id='word_1_421' title='bbox 1437 1918 1520 1962; x_wconf 86' lang='lat' dir='ltr'>apud</span> <span class='ocrx_word' id='word_1_422' title='bbox 1553 1918 1580 1950; x_wconf 66' lang='lat' dir='ltr'>S.</span> <span class='ocrx_word' id='word_1_423' title='bbox 1606 1917 1734 1949; x_wconf 79' lang='lat' dir='ltr'>Mariam</span> <span class='ocrx_word' id='word_1_424' title='bbox 1762 1918 1822 1949; x_wconf 75' lang='lat' dir='ltr'>Ma-</span> 
     </span>
     <span class='ocr_line' id='line_1_89' title="bbox 1089 1971 1828 2014; baseline -0.007 -8"><span class='ocrx_word' id='word_1_425' title='bbox 1089 1974 1210 2014; x_wconf 89' lang='lat' dir='ltr'>iorem,</span> <span class='ocrx_word' id='word_1_426' title='bbox 1236 1974 1294 2006; x_wconf 86' lang='lat' dir='ltr'>sub</span> <span class='ocrx_word' id='word_1_427' title='bbox 1316 1973 1432 2005; x_wconf 84' lang='lat' dir='ltr'>annulo</span> <span class='ocrx_word' id='word_1_428' title='bbox 1459 1972 1642 2011; x_wconf 73' lang='lat' dir='ltr'>l&#39;iscatoris,</span> <span class='ocrx_word' id='word_1_429' title='bbox 1668 1971 1717 2003; x_wconf 73' lang='lat' dir='ltr'>die</span> <span class='ocrx_word' id='word_1_430' title='bbox 1751 1980 1828 2003; x_wconf 85' lang='lat' dir='ltr'>xxtu</span> 
     </span>
     <span class='ocr_line' id='line_1_90' title="bbox 1088 2024 1828 2071; baseline -0.008 -11"><span class='ocrx_word' id='word_1_431' title='bbox 1088 2027 1276 2071; x_wconf 85' lang='lat' dir='ltr'>septembris</span> <span class='ocrx_word' id='word_1_432' title='bbox 1308 2036 1469 2065; x_wconf 70' lang='lat' dir='ltr'>uncnvut,</span> <span class='ocrx_word' id='word_1_433' title='bbox 1504 2025 1704 2069; x_wconf 70' lang='lat' dir='ltr'>pontificatus</span> <span class='ocrx_word' id='word_1_434' title='bbox 1730 2024 1828 2057; x_wconf 84' lang='lat' dir='ltr'>nostri</span> 
     </span>
     <span class='ocr_line' id='line_1_91' title="bbox 1089 2091 1236 2113; baseline 0 0"><span class='ocrx_word' id='word_1_435' title='bbox 1089 2091 1170 2113; x_wconf 88' lang='lat' dir='ltr'>anno</span> <span class='ocrx_word' id='word_1_436' title='bbox 1196 2091 1236 2113; x_wconf 78' lang='lat' dir='ltr'>lv.</span> 
     </span>
    </p>
   </div>
   <div class='ocr_carea' id='block_1_11' title="bbox 1833 586 2016 634">
    <p class='ocr_par' dir='ltr' id='par_1_15' title="bbox 1833 586 2016 634">
     <span class='ocr_line' id='line_1_92' title="bbox 1905 586 2016 607; baseline -0.009 0"><span class='ocrx_word' id='word_1_437' title='bbox 1905 586 2016 607; x_wconf 77' lang='lat' dir='ltr'>Decretum</span> 
     </span>
     <span class='ocr_line' id='line_1_93' title="bbox 1833 614 1924 634; baseline -0.011 0"><span class='ocrx_word' id='word_1_438' title='bbox 1833 614 1924 634; x_wconf 84' lang='lat' dir='ltr'>irritans.</span> 
     </span>
    </p>
   </div>
   <div class='ocr_carea' id='block_1_12' title="bbox 1845 1600 2027 1648">
    <p class='ocr_par' dir='ltr' id='par_1_16' title="bbox 1845 1600 2027 1648">
     <span class='ocr_line' id='line_1_94' title="bbox 1871 1600 2027 1619; baseline 0.006 -2"><span class='ocrx_word' id='word_1_439' title='bbox 1871 1600 1980 1618; x_wconf 62' lang='lat' dir='ltr'>(loritratta</span> <span class='ocrx_word' id='word_1_440' title='bbox 1996 1604 2027 1619; x_wconf 86' lang='lat' dir='ltr'>re·</span> 
     </span>
     <span class='ocr_line' id='line_1_95' title="bbox 1845 1626 1902 1648; baseline 0 -3"><span class='ocrx_word' id='word_1_441' title='bbox 1845 1626 1902 1648; x_wconf 69' lang='lat' dir='ltr'>t&#39;uttit,</span> 
     </span>
    </p>
   </div>
   <div class='ocr_carea' id='block_1_13' title="bbox 1126 2141 1828 2178">
    <p class='ocr_par' dir='ltr' id='par_1_17' title="bbox 1126 2141 1828 2178">
     <span class='ocr_line' id='line_1_96' title="bbox 1126 2141 1828 2178; baseline -0.006 -8"><span class='ocrx_word' id='word_1_442' title='bbox 1126 2144 1182 2170; x_wconf 58' lang='lat' dir='ltr'>tint.</span> <span class='ocrx_word' id='word_1_443' title='bbox 1205 2144 1249 2171; x_wconf 89' lang='lat' dir='ltr'>die</span> <span class='ocrx_word' id='word_1_444' title='bbox 1269 2144 1301 2170; x_wconf 55' lang='lat'>²23</span> <span class='ocrx_word' id='word_1_445' title='bbox 1322 2142 1483 2178; x_wconf 81' lang='lat' dir='ltr'>septembris</span> <span class='ocrx_word' id='word_1_446' title='bbox 1502 2143 1577 2175; x_wconf 78' lang='lat'>1658,</span> <span class='ocrx_word' id='word_1_447' title='bbox 1593 2141 1685 2176; x_wconf 68' lang='lat' dir='ltr'>pontit⁴</span> <span class='ocrx_word' id='word_1_448' title='bbox 1707 2150 1777 2167; x_wconf 83' lang='lat' dir='ltr'>auno</span> <span class='ocrx_word' id='word_1_449' title='bbox 1794 2148 1828 2167; x_wconf 68' lang='lat' dir='ltr'>tv.</span> 
     </span>
    </p>
   </div>
   <div class='ocr_carea' id='block_1_14' title="bbox 1355 2218 1555 2222">
    <p class='ocr_par' dir='ltr' id='par_1_18' title="bbox 1355 2218 1555 2222">
     <span class='ocr_line' id='line_1_97' title="bbox 1355 2218 1555 2222; baseline 0 0"><span class='ocrx_word' id='word_1_450' title='bbox 1355 2218 1555 2222; x_wconf 95' lang='lat' dir='ltr'> </span> 
     </span>
    </p>
   </div>
   <div class='ocr_carea' id='block_1_15' title="bbox 1421 2305 1503 2337">
    <p class='ocr_par' dir='ltr' id='par_1_19' title="bbox 1421 2305 1503 2337">
     <span class='ocr_line' id='line_1_98' title="bbox 1421 2305 1503 2337; baseline -0.024 0"><span class='ocrx_word' id='word_1_451' title='bbox 1421 2305 1503 2337; x_wconf 79' lang='lat' dir='ltr'>CCX.</span> 
     </span>
    </p>
   </div>
   <div class='ocr_carea' id='block_1_16' title="bbox 1094 2393 1834 2651">
    <p class='ocr_par' dir='ltr' id='par_1_20' title="bbox 1094 2393 1834 2651">
     <span class='ocr_line' id='line_1_99' title="bbox 1094 2393 1832 2435; baseline -0.003 -8"><span class='ocrx_word' id='word_1_452' title='bbox 1094 2394 1184 2435; x_wconf 73' lang='lat' dir='ltr'>Quod</span> <span class='ocrx_word' id='word_1_453' title='bbox 1209 2404 1274 2426; x_wconf 75' lang='lat' dir='ltr'>non</span> <span class='ocrx_word' id='word_1_454' title='bbox 1298 2394 1518 2426; x_wconf 60' lang='lat' dir='ltr'>extraleantw-</span> <span class='ocrx_word' id='word_1_455' title='bbox 1538 2393 1615 2424; x_wconf 79' lang='lat' dir='ltr'>libri</span> <span class='ocrx_word' id='word_1_456' title='bbox 1641 2397 1667 2425; x_wconf 79' lang='lat' dir='ltr'>et</span> <span class='ocrx_word' id='word_1_457' title='bbox 1694 2393 1832 2435; x_wconf 70' lang='lat' dir='ltr'>scriplu-</span> 
     </span>
     <span class='ocr_line' id='line_1_100' title="bbox 1136 2445 1833 2480; baseline -0.001 -2"><span class='ocrx_word' id='word_1_458' title='bbox 1136 2457 1190 2479; x_wconf 64' lang='grc' dir='ltr'>νινε</span> <span class='ocrx_word' id='word_1_459' title='bbox 1228 2458 1265 2480; x_wconf 60' lang='lat' dir='ltr'>es</span> <span class='ocrx_word' id='word_1_460' title='bbox 1304 2447 1461 2479; x_wconf 64' lang='lat' dir='ltr'>archiviis</span> <span class='ocrx_word' id='word_1_461' title='bbox 1496 2450 1523 2477; x_wconf 75' lang='lat' dir='ltr'>cl</span> <span class='ocrx_word' id='word_1_462' title='bbox 1560 2445 1762 2478; x_wconf 60' lang='lat' dir='ltr'>cow&#39;enlilms</span> <span class='ocrx_word' id='word_1_463' title='bbox 1798 2456 1833 2477; x_wconf 75' lang='lat' dir='ltr'>ac</span> 
     </span>
     <span class='ocr_line' id='line_1_101' title="bbox 1137 2499 1829 2543; baseline -0.003 -10"><span class='ocrx_word' id='word_1_464' title='bbox 1137 2500 1337 2533; x_wconf 68' lang='lat' dir='ltr'>bibliothecis</span> <span class='ocrx_word' id='word_1_465' title='bbox 1369 2500 1595 2532; x_wconf 76' lang='lat' dir='ltr'>canonicorum</span> <span class='ocrx_word' id='word_1_466' title='bbox 1627 2499 1829 2543; x_wconf 72' lang='lat' dir='ltr'>reyttlurium</span> 
     </span>
     <span class='ocr_line' id='line_1_102' title="bbox 1138 2553 1834 2597; baseline -0.004 -10"><span class='ocrx_word' id='word_1_467' title='bbox 1138 2554 1401 2597; x_wconf 60' lang='lat' dir='ltr'>Congreyalionis</span> <span class='ocrx_word' id='word_1_468' title='bbox 1421 2553 1452 2586; x_wconf 84' lang='lat' dir='ltr'>S.</span> <span class='ocrx_word' id='word_1_469' title='bbox 1474 2553 1656 2596; x_wconf 62' lang='lat' dir='ltr'>Auslztstz&#39;ni</span> <span class='ocrx_word' id='word_1_470' title='bbox 1676 2553 1709 2586; x_wconf 73' lang='lat' dir='ltr'>in</span> <span class='ocrx_word' id='word_1_471' title='bbox 1736 2563 1834 2595; x_wconf 73' lang='lat' dir='ltr'>reyno</span> 
     </span>
     <span class='ocr_line' id='line_1_103' title="bbox 1138 2607 1611 2651; baseline -0.006 -10"><span class='ocrx_word' id='word_1_472' title='bbox 1138 2607 1365 2651; x_wconf 70' lang='lat' dir='ltr'>Portuqalliae</span> <span class='ocrx_word' id='word_1_473' title='bbox 1389 2607 1611 2640; x_wconf 43' lang='lat' dir='ltr'>existentibus</span> 
     </span>
    </p>
   </div>
  </div>
 </body>
</html>
