2243 3205
280 165 329 192 An.
346 164 374 192 c.
398 164 465 192 1660
511 154 576 188 534

311 1762 402 1784 statuta.

479 217 508 245 et
533 212 562 244 in
588 222 650 255 quo
674 212 797 244 vocales
823 212 948 245 suerunt
971 213 1074 246 dilecti
1099 215 1217 258 pariter

480 264 534 296 silii
560 264 702 296 minister
726 265 890 307 generalis,
911 265 1095 300 diffinitores
1120 277 1215 310 gene-

479 318 570 358 rales,
588 318 798 361 provinciales
824 323 852 351 et
877 319 1009 352 ministri
1032 325 1216 352 conventua-

480 370 524 403 les
554 370 650 414 ipsius
682 371 956 413 congregationis,
984 372 1217 405 considerantes

480 423 619 456 eamdem
641 424 917 467 congregationem
940 425 1141 458 benedicente
1160 426 1217 458 Do-

481 476 566 509 mino
591 475 735 509 dilatam¹
761 488 828 510 esse
855 478 883 510 in
903 484 964 511 tres
988 479 1163 522 provincias
1189 484 1218 511 et

480 530 633 574 plurimas
657 530 768 564 domos
793 531 872 564 inter
890 542 921 564 se
946 532 1033 565 valde
1058 532 1217 572 distantes,

480 583 595 627 quippe
621 584 652 616 in
677 584 781 627 regnis
806 585 963 625 castellae,
989 586 1120 626 BeHeae,
1145 586 1217 617 Ara-

480 636 602 678 goniae,
620 637 785 677 Navarrae,
806 637 981 670 Cataloniae
1007 643 1037 670 et
1061 638 1218 670 valentiae

479 689 616 732 positas;
643 690 837 733 constitoque
871 691 943 734 ipsis
968 702 1023 734 per
1048 691 1214 734 experien-

480 742 739 784 tiam,oceasione
757 754 899 776 accessus
916 743 1218 776 ministrorumeon-

480 797 670 829 ventualium
704 797 740 829 ad
770 797 938 840 capitulum
965 798 1121 840 generale,
1151 798 1218 831 lon-

479 848 608 891 gissima
634 849 743 882 itinera
774 850 909 893 suscipi,
936 861 1126 893 magnasque
1150 850 1218 883 fieri

480 912 642 945 expensas,
662 903 736 946 quin
766 903 857 936 eliam
885 907 1015 946 propter
1039 903 1217 935 diuturnam

480 954 606 987 illorum
639 966 655 987 a
681 955 884 989 conventibus
915 956 1085 990 absentiam
1117 956 1220 989 minus

481 1007 587 1050 vigere
608 1008 637 1040 in
655 1009 699 1041 eis
718 1009 895 1052 regularem
918 1010 1146 1042 observantiam
1162 1021 1170 1050 3
1185 1020 1220 1042 ac

480 1071 637 1104 perpenso
662 1072 732 1102 eos,
760 1074 838 1105 quos
863 1064 986 1096 vocales
1011 1063 1161 1105 assignari
1188 1068 1220 1095 ut

480 1113 560 1146 infra
584 1115 718 1158 petitur,
748 1115 875 1148 maioris
900 1126 967 1148 esse
992 1116 1218 1158 observantiae,

482 1167 643 1200 doctrinae
660 1172 689 1200 et
710 1168 930 1211 experientiae,
947 1179 1069 1201 necnon
1085 1169 1220 1202 animad-

482 1226 638 1253 vertentes
663 1221 694 1253 in
720 1221 826 1253 multis
851 1221 1065 1264 religionibus,
1084 1227 1144 1254 tam
1171 1233 1220 1254 an-

482 1268 610 1317 tiquitus
631 1285 723 1318 quam
750 1285 810 1307 non
838 1275 878 1307 ita
903 1275 1023 1319 pridem
1050 1276 1219 1317 institutis,

481 1327 637 1370 praelatos
674 1327 788 1360 locales
828 1339 882 1360 seu
913 1330 1133 1361 conventuales
1158 1340 1219 1362 non

482 1390 673 1413 concurrere
701 1391 758 1414 nec
782 1381 898 1414 habere
923 1388 992 1415 vota
1020 1383 1048 1414 in
1075 1382 1220 1426 capitulis

482 1433 692 1475 generalibus,
710 1433 721 1450 ⁹
748 1434 955 1477 provinciales
979 1441 1009 1467 et
1034 1435 1135 1468 socios
1166 1446 1219 1468 seu

482 1486 652 1525 discretos,
684 1492 779 1530 prout
804 1488 915 1520 fratres
940 1488 1119 1521 Disealceati
1145 1499 1221 1521 nun-

482 1535 584 1582 cupati
609 1540 738 1573 Ordinis
766 1540 872 1573 beatae
903 1541 1017 1573 Mariae
1048 1542 1086 1574 dc
1120 1543 1220 1575 Monte

482 1592 624 1625 Carmelo
647 1597 676 1626 et
701 1593 909 1625 Eremitarum
935 1594 1031 1627 sancti
1057 1595 1219 1637 Augustini

483 1646 655 1689 respective
669 1646 851 1685 observant*⁷
869 1647 1000 1690 aliisque
1017 1647 1143 1681 demum
1159 1659 1220 1681 ma-

484 1704 554 1732 ture
578 1699 725 1732 discussis
750 1705 779 1732 et
803 1700 999 1743 ponderatis:

528 1753 543 1795 ξ,
562 1752 591 1785 2.
617 1753 798 1786 Statuerunt
821 1758 850 1785 et
875 1753 1081 1787 decreverunt
1101 1765 1157 1798 per
1177 1766 1221 1788 se-

484 1812 568 1838 creta
592 1806 751 1849 suffragia,
769 1807 852 1850 quod
878 1807 1011 1840 ministri
1032 1814 1219 1842 conventua-

483 1859 527 1892 les
552 1859 652 1892 dictae
677 1860 930 1903 congregationis
952 1871 1014 1893 non
1039 1861 1150 1894 adeant
1174 1873 1221 1895 ca-

483 1913 615 1956 pitulum
649 1914 795 1957 generale
831 1914 928 1957 ipsius
958 1915 1221 1958 congregationis,

484 1965 568 2009 quod
592 1965 630 1998 dc
655 1966 790 1999 triennio
822 1966 853 1998 in
885 1967 1054 1999 triennium
1081 1968 1221 2000 celebra-

484 2021 544 2059 tur,
569 2029 626 2052 nec
652 2019 680 2051 in
706 2030 743 2052 eo
768 2019 903 2052 babeant
930 2024 1013 2060 vota;
1040 2021 1112 2053 item
1138 2021 1222 2064 quod

484 2071 617 2104 obtineri
643 2072 777 2104 debeant
800 2072 838 2104 ab
864 2073 921 2105 liae
952 2074 980 2105 S.
998 2073 1076 2106 Sede
1100 2074 1222 2107 litterae

483 2125 673 2168 apostolicae
701 2126 936 2169 approbationis
961 2133 991 2159 et
1015 2127 1223 2160 confirmatio-

483 2178 531 2210 nis
554 2179 734 2212 huiusmodi
759 2179 1046 2221 determinationis,
1072 2191 1141 2213 cum
1167 2180 1221 2213 de-

483 2232 646 2274 rogatione
671 2233 854 2275 quarumvis
884 2233 1015 2266 aliarum
1041 2234 1223 2277 apostolica-

482 2294 554 2317 rum
587 2284 617 2317 in
648 2285 749 2318 forma
773 2285 879 2318 Brevis
914 2286 1089 2319 litterarum
1120 2286 1220 2320 eidem

483 2338 736 2372 determinationi
762 2340 1007 2381 contrariarum;
1026 2344 1188 2384 praeterea
1205 2351 1222 2373 a

483 2392 575 2425 nobis
599 2393 768 2436 petendum
794 2404 862 2426 esse
891 2399 923 2426 ut
947 2394 1141 2436 assignemus
1164 2405 1222 2438 pro

486 2446 645 2479 vocalibus
665 2447 791 2490 capituli
817 2447 973 2490 generalis
992 2447 1131 2480 eiusdem
1153 2457 1222 2481 con-

523 2517 532 2542 ¹
556 2515 658 2543 Forsan
674 2518 829 2545 dilatatam
843 2520 880 2554 (n.
896 2518 943 2553 τ.).
1006 2549 1015 2556 .

521 2559 537 2585 2
556 2560 668 2587 Videtur
683 2561 776 2589 deesse
792 2562 922 2597 particula
938 2563 986 2589 sed
1001 2564 1038 2597 (n.
1055 2564 1102 2598 T.)-

1053 166 1230 190 BULLARIUM
1255 164 1410 190 ROMANUM

1251 213 1444 256 gregationis
1469 212 1645 245 ministrum
1671 214 1869 257 generalem,
1901 213 1981 247 defi-

1250 266 1368 299 nitores
1388 266 1560 309 generales,
1584 266 1801 310 provinciales,
1831 272 1860 300 et
1887 277 1984 300 unum

1251 319 1370 352 socium
1403 330 1462 363 pro
1487 321 1673 363 unfiquaque
1703 319 1864 363 provincia
1888 320 1985 364 ipsius

1252 372 1505 415 congregationis
1520 399 1527 413 ‚
1551 377 1585 404 ut
1618 383 1688 405 cum
1720 372 1903 416 provinciali
1927 383 1982 406 ve-

1252 425 1338 458 niens
1363 425 1440 457 serat
1465 435 1571 458 vocem
1597 424 1786 468 provinciae,
1810 425 1863 469 qui
1883 430 1986 458 tamen

1251 477 1354 510 socius
1371 477 1481 510 debeat
1499 488 1565 511 esse
1583 487 1664 510 unus
1688 488 1722 510 ex
1750 477 1901 510 ministris
1917 488 1987 511 con-

1253 531 1449 564 ventualibus
1475 531 1574 575 ipsius
1604 531 1802 575 provinciam
1827 531 1865 564 ad
1888 531 1986 575 haec,

1252 585 1334 628 quod
1361 589 1431 629 post
1455 585 1596 619 obtentas
1621 596 1638 618 a
1661 585 1751 618 nobis
1775 585 1988 619 confirmatio-

1252 638 1299 670 nis
1313 638 1490 671 buiusmodi
1509 638 1637 680 litteras,
1651 649 1708 682 pro
1721 639 1780 671 hac
1793 638 1894 683 prima
1911 638 1987 682 vice,

1253 694 1282 724 et
1298 701 1355 734 pro
1373 691 1510 734 capitulo
1527 691 1669 735 proxime
1686 691 1883 735 celebrando,
1903 702 1990 736 prae-

1253 743 1353 775 dictus
1386 743 1489 776 socius
1521 754 1580 787 pro
1610 746 1796 788 unaquaque
1826 744 1989 788 provincia

1253 797 1387 839 eligatur
1412 807 1468 840 per
1493 803 1613 830 secreta
1637 797 1788 840 suffragia
1807 808 1825 830 a
1845 797 1989 832 ministro

1253 850 1402 892 generali,
1418 855 1448 882 et
1473 860 1490 882 a
1508 850 1630 883 duobus
1653 850 1871 884 definitoribus
1894 861 1990 894 gene-

1254 903 1381 943 ratibus,
1403 913 1523 935 necnon
1548 903 1730 946 provinciali
1757 903 1839 936 illius
1862 904 1990 948 provin-

1254 957 1328 997 ciae,
1347 967 1404 1000 pro
1429 967 1488 1000 qua
1513 957 1647 999 eligetur
1671 957 1791 997 socius;
1811 968 1828 990 a
1853 958 1990 1002 capitulo

1254 1020 1327 1042 vcro
1353 1010 1496 1053 proxime
1520 1011 1625 1044 futuro
1642 1010 1696 1043 fiat
1713 1011 1822 1045 electio
1839 1011 1914 1044 socii
1931 1020 1990 1055 pro

1254 1066 1442 1107 unaquaque
1466 1064 1628 1108 provincia
1648 1068 1720 1108 post
1739 1064 1841 1097 finitas
1865 1064 1991 1097 electio-

1254 1127 1307 1149 nes
1344 1117 1584 1160 praclatorum‚
1620 1116 1881 1150 concurrentibus
1916 1122 1987 1149 tan-

1254 1176 1318 1202 tum
1344 1170 1380 1202 ad
1402 1170 1515 1203 dictam
1546 1170 1729 1203 electionem
1760 1170 1903 1204 ministro
1930 1181 1985 1213 ge-

1254 1223 1352 1255 nerali
1368 1250 1375 1264 ‚
1404 1223 1526 1256 duobus
1550 1223 1780 1265 definitoribus,
1805 1223 1990 1267 provinciali

1254 1276 1337 1309 illius
1361 1277 1552 1320 provinciae,
1570 1282 1600 1309 et
1628 1277 1713 1310 socio
1742 1277 1802 1309 iam
1830 1281 1905 1310 tunc
1920 1277 1988 1310 exi-

1254 1334 1352 1362 stente
1371 1330 1400 1361 in
1418 1329 1571 1373 capitulo;
1589 1329 1613 1362 si
1635 1334 1738 1362 autem
1763 1339 1821 1373 per
1845 1335 1990 1372 mortem,

1255 1382 1500 1423 inhabilitatem,
1531 1382 1577 1414 vel
1611 1381 1702 1414 aliam
1730 1382 1841 1415 iustam
1864 1393 1989 1416 causam

1253 1435 1354 1468 dictus
1368 1436 1470 1468 socius
1487 1435 1531 1468 sic
1550 1446 1609 1479 pro
1626 1437 1813 1479 unaquaque
1829 1435 1991 1479 provincia

1255 1490 1285 1521 in
1306 1489 1442 1533 capitulo
1463 1489 1601 1532 generali
1626 1489 1743 1522 electus
1766 1499 1830 1522 non
1853 1489 1992 1533 potuerit

1255 1543 1452 1583 intervenire,
1471 1548 1499 1575 et
1524 1543 1631 1576 adesse
1656 1542 1794 1586 capitulo
1818 1542 1991 1576 successive

1255 1596 1368 1636 futuro,
1394 1601 1467 1628 tunc
1491 1595 1600 1628 electio
1624 1595 1696 1628 novi
1719 1595 1796 1628 socii
1820 1595 1874 1628 fiat
1897 1605 1914 1628 a
1939 1595 1993 1628 mi-

1254 1649 1354 1682 nistro
1378 1648 1537 1692 generali,
1562 1654 1592 1681 et
1628 1648 1750 1682 duobus
1775 1648 1992 1682 definitoribus

1255 1702 1454 1745 generalibus
1480 1702 1683 1735 existentibus
1707 1712 1766 1745 pro
1792 1702 1844 1735 illa
1867 1701 1992 1746 provin-

1255 1756 1312 1798 cia,
1330 1761 1360 1788 et
1376 1766 1392 1788 a
1410 1755 1595 1799 provinciali
1621 1754 1717 1798 ipsius
1733 1754 1924 1798 provinciae,
1941 1755 1991 1789 cui

1254 1809 1402 1842 defecerit
1426 1809 1544 1848 socius,
1569 1813 1598 1841 et
1622 1808 1682 1841 hoc
1705 1819 1763 1852 per
1787 1813 1907 1842 secreta
1930 1809 1992 1842 sus-

1255 1862 1353 1905 sragia
1374 1867 1443 1894 ante
1461 1861 1631 1905 capitulum
1650 1866 1792 1905 tempore
1816 1862 1991 1905 sufficienti,

1255 1921 1288 1948 ut
1312 1916 1416 1948 socius
1440 1915 1483 1948 sic
1508 1915 1625 1948 electus
1650 1915 1749 1959 possit
1779 1915 1928 1949 accedere
1954 1916 1993 1949 ad

1256 1969 1425 2013 capitulum
1453 1981 1479 2000 ».

1300 2023 1314 2066 ἓ
1337 2022 1366 2055 3.
1392 2022 1493 2061 Quare
1518 2021 1599 2055 idern
1625 2027 1814 2066 procurator
1838 2022 1993 2069 generalis

1255 2075 1346 2109 nobis
1360 2075 1522 2108 humiliter
1536 2075 1705 2119 supplicari
1723 2075 1803 2117 fecit,
1816 2075 1893 2108 utin
1906 2086 1994 2120 prae-

1257 2128 1359 2161 missis
1392 2133 1568 2172 opportune
1599 2128 1767 2172 providere
1797 2133 1827 2161 et
1858 2133 1891 2162 ut
1915 2128 1994 2161 insra

1256 2181 1419 2224 indulgere
1436 2181 1473 2214 de
1493 2181 1686 2224 benignitate
1701 2181 1872 2225 apostolice
1889 2181 1995 2224 digna-

1256 2245 1372 2268 remur.
1401 2235 1464 2268 Nos
1492 2234 1596 2277 igitur,
1623 2234 1725 2278 ipsum
1754 2240 1994 2278 procuratorem

1255 2288 1433 2331 generalem
1459 2287 1645 2331 specialibus
1663 2287 1821 2321 favoribus
1838 2293 1868 2321 et
1885 2287 1994 2332 gratiis

1255 2341 1402 2385 prosequi
1427 2341 1576 2384 volentes,
1598 2346 1637 2374 et.
1651 2351 1667 2373 a
1689 2341 1852 2388 quibusvis
1870 2351 1995 2374 excom-

1256 2393 1485 2435 municationis,
1500 2398 1568 2435 etc.‚
1580 2394 1693 2426 harum
1708 2394 1788 2427 serie
1799 2394 1994 2428 absolventes

1255 2453 1285 2481 et
1308 2448 1488 2481 absolutum
1514 2447 1579 2481 sore
1604 2452 1782 2489 censentes,
1812 2447 1994 2481 huiusmodi

1256 2501 1534 2545 supplicationibus
1558 2500 1706 2542 inclinati,
1732 2505 1880 2534 statutum
1898 2505 1927 2533 et
1943 2500 1993 2534 de-

1257 2559 1376 2588 cretum
1403 2554 1581 2588 huiusmodi
1599 2565 1616 2587 a
1632 2554 1715 2587 dieto
1740 2553 1874 2598 capitulo
1898 2564 1993 2597 gene-

2197 50 2202 82 i

1997 165 2047 193 An.
2063 166 2093 194 G.
2114 168 2179 198 tem
2200 171 2203 190 ’τ

2029 2028 2188 2050 Procuratorem

2008 2057 2127 2081 generalem
2141 2061 2188 2076 con·
2207 2053 2212 2075 ἔ
2231 2078 2234 2084 ,

2008 2083 2062 2103 suris
2100 2081 2189 2102 absolvi!
2209 2089 2212 2096 ⁴
2232 2103 2234 2107 ,

2008 2109 2105 2156 ‘Summus
2120 2108 2188 2130 ronti·
2208 2105 2212 2129 l
2232 2129 2235 2135 ,

2017 2141 2048 2156 ex.
