2185 3188
37 194 81 219 An.
101 191 128 217 C.
152 188 216 217 1657

63 674 171 698 Commitlit
184 673 212 694 le-

39 705 85 730 8⁸⁸⁰
128 699 213 729 Urbina-

39 729 89 751 imi
110 730 213 749 transmis-

40 757 113 779 imem
139 752 214 775 biblio-

40 785 96 804 toea·
109 780 166 802 ducis
177 778 213 800 Ur-

40 809 80 831 bini
93 807 120 830 ad
129 806 212 829 Urbem.

832 187 949 211 ALEXA)
956 187 1015 210 DEn
1040 186 1083 210 vlt
1109 187 1156 210 Pr.

226 235 339 264 Dilecto
359 235 420 263 filio
440 238 544 263 nostro
567 236 689 271 Aloysio
715 235 799 263 tituli
820 235 848 263 S.
870 235 965 263 Alexii

260 280 289 307 S.
317 280 347 307 R.
378 278 409 307 nj
437 281 612 315 presbytero
642 280 787 308 cardinali
822 279 965 307 Homodeo

258 328 444 358 nuncupato,
457 328 562 351 nostro
582 328 613 352 et
632 325 821 358 Apostolicae
836 325 920 352 Sedis
936 324 966 351 in

260 369 384 397 civitate
405 372 436 396 et
458 369 571 396 ducatu
599 369 793 397 Urbinatensi
815 370 850 396 de
870 370 966 396 'tatere

260 413 369 447 legato,

417 467 584 494 Alexander
610 467 688 501 Papa
708 468 769 494 vn.

502 537 617 565 Dilecto
636 537 692 570 fili,

261 584 390 610 salutem
409 585 441 610 et
460 582 657 616 apostolicam
676 582 930 609 benedictionem.

271 663 286 707 g
314 662 340 695 1.
373 662 510 695 Innotuit
534 661 634 702 nobis,
660 661 743 705 quod
769 661 886 694 dudum
911 662 967 695 bo-

227 726 285 749 nae
309 715 481 749 memoriae
505 715 691 748 Franciscus
716 714 820 757 Maria,
838 720 965 758 postre-

229 781 297 804 mus
311 770 385 803 dum
411 769 486 803 vixit
503 769 613 802 Urbini
633 768 705 811 dux,
725 768 756 801 in
774 779 830 802 suo
849 769 968 811 ultimo,

228 823 286 857 sub
311 823 400 857 cuius
418 822 623 866 dispositione
640 822 678 855 ab
695 822 841 855 humanis
866 822 970 856 deces-

229 876 278 919 sit,
304 880 501 916 testamento,
518 875 641 909 dilectis
661 874 733 908 filiis
751 875 969 908 communitati

230 935 260 964 et
275 928 456 963 hominibus
474 928 606 962 civitatis
623 927 839 962 Urbinatcnsis
856 928 970 962 biblio-

230 983 353 1017 thecam
378 982 533 1016 librorum
556 981 855 1025 manuscriptorum,
876 991 969 1024 quam

231 1036 346 1070 ibidem
363 1035 507 1077 habear,
520 1044 642 1068 necnon
660 1034 829 1078 graphidos
850 1045 905 1067 seu
923 1034 972 1068 de-

229 1089 414 1124 lineationes
437 1089 470 1122 in
493 1088 684 1122 bibliotheca
702 1087 800 1121 Castri
826 1088 972 1121 Durantis

232 1143 407 1183 existentes,
428 1142 553 1186 legavit,
579 1147 608 1175 et
633 1152 792 1186 campum,
814 1151 907 1185 quem
934 1141 972 1174 ab

232 1197 292 1231 illis
316 1197 354 1230 de
380 1196 474 1231 Gallis
506 1201 647 1236 emerat,
672 1195 702 1228 in
733 1194 816 1228 dicta
849 1195 972 1228 civitate

231 1251 380 1297 positum,
405 1250 527 1294 aliaque
544 1248 674 1293 praedia
691 1249 735 1281 illi
753 1248 902 1292 contigua
918 1259 973 1282 seu

232 1305 345 1347 vicina,
369 1314 449 1349 quae
474 1302 665 1347 possidebat,
691 1302 810 1336 eisdem
828 1312 972 1336 commu-

233 1359 321 1393 nitati
347 1364 376 1392 et
400 1357 582 1391 hominibus
607 1356 755 1400 reliquit,
781 1357 819 1390 ad
845 1357 915 1397 hoc,
942 1361 974 1392 ut

234 1412 302 1457 ipsi,
324 1422 359 1445 ex
378 1410 579 1456 praediorum
606 1409 785 1443 huiusmodi
810 1409 973 1452 fructibus,

233 1466 446 1512 provisionem
471 1465 641 1509 deputato,
663 1464 715 1508 qui
740 1475 848 1497 curam
875 1464 974 1498 dictae

233 1520 443 1554 bibliothecae
466 1519 587 1562 legatae
612 1517 751 1558 haberet,
769 1524 974 1562 praestarent,

235 1585 270 1608 ae
294 1573 423 1617 insuper
447 1583 591 1617 expresse
617 1571 790 1616 prohibuit,
808 1582 845 1605 ne
866 1571 974 1605 eadem

234 1627 423 1661 bibliotheca
448 1637 465 1659 a
488 1626 559 1660 loco
579 1626 632 1659 ubi
663 1631 735 1658 tunc
752 1631 816 1658 crat
837 1636 974 1670 unquam

236 1686 436 1715 amoveretur
474 1680 521 1713 rel
558 1680 757 1719 auferretur,
790 1689 891 1723 neque
929 1680 975 1712 vel

236 1735 329 1770 unico
354 1735 513 1769 volumine
537 1734 787 1774 diminueretur;
813 1739 842 1766 et
868 1734 898 1765 in
924 1744 975 1766 ca-

237 1800 306 1823 sum
331 1788 597 1823 contraventionis
623 1788 721 1832 ipsam
751 1787 975 1821 bibliothecam

237 1842 482 1877 confraternitati
497 1842 547 1875 SS.
562 1840 707 1875 Crucifixi
726 1840 764 1874 de
778 1841 889 1885 Crypta
902 1851 977 1873 nun-

238 1896 342 1940 cupati
375 1894 573 1929 Urbinatensi
605 1894 775 1938 applicarit
806 1898 835 1928 et
868 1894 976 1935 eessit3

239 1949 384 1994 quodque
408 1954 537 1993 postea,
570 1958 640 1981 cum
673 1947 755 1980 dieta
787 1947 977 1980 bibliotheca

239 2014 388 2048 processu
411 2002 560 2046 temporis
578 2002 627 2043 (ex
642 2011 679 2033 eo
697 2001 782 2044 quod
804 2001 978 2033 communi-

241 2061 285 2089 tas
302 2062 331 2089 et
351 2055 493 2090 homines
511 2055 673 2099 praedicti,
690 2055 806 2098 quibus
831 2066 866 2087 ex
893 2065 978 2098 prae-

240 2110 298 2143 diis
315 2109 483 2155 praedietis
512 2109 588 2142 nihil
618 2111 682 2142 sere
715 2110 872 2142 fructuum
899 2120 975 2153 pro-

240 2164 345 2204 venit,
377 2164 461 2196 illam
487 2163 594 2197 tuendi
628 2163 720 2197 modo
745 2163 885 2196 destituti
917 2164 980 2195 sue-

242 2218 324 2262 rant)
350 2217 488 2251 deterior
514 2217 602 2250 valde
639 2218 717 2250 sacta
743 2216 979 2260 reperiebatur,

243 2275 415 2305 memorata
441 2271 689 2311 confraternitas,
708 2271 812 2304 locum
833 2270 980 2303 substitu-

245 2325 336 2358 tionis
360 2324 398 2357 ad
423 2324 469 2357 sui
497 2324 634 2357 savorem
671 2334 737 2356 esse
763 2323 980 2367 praetendens,

245 2377 294 2411 die
319 2387 349 2411 tv
374 2377 482 2421 aprilis
502 2377 644 2421 proxime
664 2377 836 2420 praeteriti,
852 2387 905 2409 scu
921 2377 981 2409 alio

246 2431 359 2465 veriori
385 2437 537 2475 tempore,
553 2431 638 2465 litem
664 2442 770 2464 coram
792 2430 905 2464 dilecto
931 2440 980 2474 pa-

247 2485 322 2519 riter
347 2485 410 2519 filio
434 2489 580 2529 praetore
613 2494 667 2517 seu
699 2490 851 2527 potestate
885 2484 978 2516 prbi,

284 2602 294 2628 1
317 2601 428 2629 Videtur
448 2600 592 2638 legendum
612 2600 733 2629 hcttcbal
753 2608 792 2636 tn.
810 2600 857 2636 r.).

1000 234 1118 268 natensi
1152 239 1261 268 contra
1298 235 1396 268 dictos
1429 233 1686 268 communitatem
1712 238 1742 265 et

1000 288 1144 321 homines
1170 288 1342 327 intentarit,
1369 288 1695 331 protestationemque
1714 296 1742 319 e-

1001 341 1084 375 misit
1109 352 1143 374 ex
1169 341 1332 384 supposito
1359 341 1442 384 quod
1469 341 1560 374 iidem
1592 351 1741 374 commu-

1000 394 1080 426 nitas
1105 399 1135 426 et
1166 394 1311 427 homines
1342 394 1378 426 de
1413 393 1590 426 venditione
1625 392 1744 425 biblio<

1002 447 1109 479 thecae
1134 451 1163 479 et
1196 445 1385 490 graphidum
1411 456 1465 477 seu
1497 445 1742 479 delineationum

1001 499 1232 544 praedictarum
1259 505 1312 533 aut
1337 500 1461 532 illarum
1488 499 1587 542 partis
1618 504 1745 532 tractas-

1002 558 1085 593 sent;
1110 553 1253 597 quinimo
1278 553 1329 586 die
1353 563 1439 586 xxm
1464 552 1604 585 eiusdem
1630 552 1745 585 mensis

1003 606 1113 640 institit
1137 617 1196 650 pro
1221 606 1373 640 electione
1398 606 1551 646 virorum,
1569 605 1621 648 qui
1647 605 1745 638 libros

1003 660 1212 694 bibliothecae
1236 661 1358 703 legatae
1383 670 1454 693 cum
1482 659 1607 692 illorum
1634 659 1744 691 inven-

1004 714 1083 747 tario
1109 714 1354 755 committerent,
1368 718 1398 747 et
1422 714 1528 747 forsan
1546 713 1584 746 ad
1602 713 1679 746 alios
1701 713 1747 745 iu-

1004 766 1130 800 diciales
1147 767 1195 800 vel
1213 766 1464 800 extraiudiciales
1477 770 1566 800 actus
1584 765 1746 809 processit.

1003 821 1200 865 Quapropter
1219 831 1287 861 nos,
1308 831 1346 853 ne
1371 819 1562 853 bibliotheca
1587 818 1748 863 praedicta

1005 874 1036 906 in
1059 874 1130 907 loco
1155 874 1208 907 ubi
1244 884 1328 907 nunc
1359 873 1476 906 malum
1503 872 1534 905 in
1558 877 1671 905 statum
1698 882 1747 904 re-

1005 927 1094 962 dacta
1119 934 1149 961 ct
1181 930 1295 972 magna
1320 939 1356 962 ex
1381 932 1470 972 parte
1496 938 1512 959 a
1541 926 1645 959 blattis
1678 936 1749 959 rosa

1005 982 1185 1026 reperitur,
1227 992 1373 1015 successu
1414 979 1564 1024 temporis
1600 979 1749 1023 (attento

1006 1035 1090 1079 quod
1116 1035 1282 1069 memorati
1316 1034 1526 1068 communitas
1550 1038 1581 1066 et
1604 1033 1750 1066 homines

1007 1089 1091 1121 illam
1118 1088 1294 1122 instaurare
1312 1093 1340 1121 et
1358 1088 1439 1121 tueri
1461 1098 1537 1131 prae
1563 1087 1669 1131 inopia
1687 1096 1750 1120 non

1008 1143 1141 1186 valeant)
1163 1143 1279 1176 sensim
1304 1143 1503 1181 absumatur,
1529 1141 1583 1174 sed
1608 1146 1641 1173 ut
1665 1151 1751 1184 repa-

1008 1202 1095 1230 retur
1121 1202 1148 1230 et
1175 1197 1329 1230 memoria
1354 1195 1695 1241 praestantissimoru111
1721 1201 1751 1228 et

1008 1251 1256 1284 clarissimorum
1290 1252 1361 1293 toga
1394 1255 1424 1283 et
1459 1260 1534 1292 sago
1566 1259 1601 1282 ex
1634 1249 1750 1282 familiai

1008 1304 1153 1337 Roborea
1177 1304 1357 1348 principum
1389 1303 1498 1336 Urbini
1528 1302 1666 1343 ducum,
1698 1303 1751 1346 qui

1009 1357 1125 1401 inagis¹
1151 1358 1259 1392 labore
1285 1363 1314 1391 et
1335 1357 1487 1391 industri-[i
1513 1357 1611 1390 libros
1629 1362 1658 1390 et
1675 1357 1751 1390 scri—

1009 1418 1116 1456 pturas
1125 1411 1338 1445 bibliothecae
1352 1411 1531 1444 huiusmodi
1547 1411 1752 1454 collegerunt,

1009 1472 1043 1499 ut
1068 1477 1125 1510 par
1150 1472 1205 1509 est,
1233 1471 1448 1506 conservetur,
1473 1465 1565 1498 simul
1590 1465 1694 1506 etiam,
1720 1471 1753 1497 ut

1011 1525 1147 1553 mentem
1173 1525 1202 1552 et
1227 1520 1418 1553 voluntatem
1445 1519 1610 1551 incinerati
1631 1519 1754 1552 Franci-

1010 1574 1053 1607 sci
1078 1574 1192 1607 Mariae
1218 1573 1328 1614 ducis,
1354 1584 1447 1617 quem
1475 1578 1647 1616 perpetuae
1673 1584 1753 1605 con-

1011 1627 1180 1660 servationi
1206 1632 1233 1659 et
1267 1626 1374 1660 decori
1406 1626 1508 1658 dictae
1544 1625 1754 1659 bibliothecae

1011 1680 1178 1721 studuisse,
1193 1680 1318 1724 sieque²
1334 1680 1371 1712 de
1389 1679 1570 1723 praemissis
1584 1678 1755 1722 cogitasset

1011 1739 1227 1778 opportunum
1252 1733 1387 1777 desuper
1406 1733 1580 1765 remedium
1598 1732 1756 1765 adhibitu-

1012 1800 1081 1822 rum
1095 1789 1188 1821 fuisse
1201 1788 1370 1821 verisimile
1381 1791 1435 1827 cst,
1446 1787 1659 1830 suppleamus,
1675 1797 1756 1819 eain-

1011 1842 1082 1875 dem
1107 1841 1333 1875 bibliothecam
1351 1841 1380 1873 in
1399 1841 1504 1873 tutiori
1523 1841 1756 1884 celcbriorique

1012 1896 1082 1929 loco
1108 1895 1138 1927 in
1163 1895 1355 1928 bibliotheca
1380 1894 1524 1928 similiter
1550 1896 1658 1927 nostra
1680 1895 1756 1926 l'ati-

1013 1953 1089 1983 carra
1123 1948 1336 1993 reponendam
1368 1958 1435 1981 esso
1471 1947 1689 1990 dem-erinnis,
1720 1959 1756 1981 ac

1014 2004 1105 2036 huius
1124 2003 1166 2035 rei
1185 2002 1444 2036 communitatem
1458 2008 1487 2035 ct
1508 2002 1651 2035 homines
1671 2013 1757 2046 prae-

1013 2058 1112 2091 dictos
1133 2056 1263 2089 lecimus
1288 2056 1450 2093 certiores,
1478 2055 1530 2099 qui
1557 2055 1684 2099 publico
1708 2067 1757 2098 ge-

1013 2111 1128 2144 neralis
1162 2120 1271 2143 eorum
1307 2109 1428 2142 consilii
1465 2109 1592 2142 decreto
1625 2109 1757 2152 professi

1015 2170 1086 2198 sunt
1100 2175 1132 2197 sc
1148 2164 1299 2197 voluntati
1314 2168 1439 2196 nostrae
1453 2162 1633 2196 huiusmodi
1655 2174 1758 2207 prom—

1016 2224 1069 2262 pto
1095 2217 1247 2261 obsequio
1267 2227 1386 2250 morem
1406 2226 1516 2259 gerere
1536 2221 1662 2259 paratos
1679 2227 1756 2250 esse.

1015 2272 1122 2314 ltaque
1149 2269 1347 2311 testamenti,
1373 2270 1488 2302 decreti
1524 2269 1756 2312 praedictorum

1017 2329 1141 2357 tenores
1167 2323 1259 2356 etiarn
1287 2323 1445 2363 veriores,
1471 2333 1592 2355 necnon
1617 2323 1678 2355 litis
1703 2334 1758 2356 seu

1017 2388 1127 2410 causae
1147 2376 1327 2409 huiusmodi
1352 2380 1467 2408 statum
1493 2381 1521 2408 ct
1547 2376 1668 2416 merita,
1702 2387 1756 2409 no-

1018 2432 1163 2474 minaque
1186 2435 1214 2462 et
1232 2429 1421 2472 cognomina
1449 2429 1585 2462 iudicum
1611 2434 1640 2462 ct
1669 2430 1758 2463 colii-

1017 2484 1193 2527 rigandum,
1219 2490 1247 2515 et
1273 2483 1333 2515 alia
1361 2484 1453 2516 etiarn
1475 2483 1601 2526 speciali
1634 2493 1760 2527 expres-

1055 2557 1065 2582 1
1089 2555 1179 2582 Potius
1200 2554 1258 2589 lege
1281 2555 1394 2589 braquis
1414 2560 1451 2587 tn.
1473 2556 1520 2587 T.).

1051 2601 1068 2627 2
1089 2600 1177 2628 Potius
1197 2599 1256 2635 lege
1276 2600 1358 2634 sique
1378 2599 1417 2634 (n.
1439 2599 1486 2634 T.).

1648 175 1711 208 287
1758 184 1806 209 An.
1824 183 1851 210 c.
1876 183 1941 210 1057
