2263 3215
266 205 313 232 An.
332 206 361 233 c.
386 205 453 233 1656
497 198 562 231 tto

286 1545 340 1565 Keos
355 1544 455 1569 detegi-n-

272 1572 327 1591 utun
375 1576 455 1591 onmem

287 1598 448 1623 irregularitatis

274 1625 306 1644 val
321 1630 455 1644 censurarum

274 1656 363 1676 poenam
379 1651 455 1670 roudo-

274 1680 316 1698 nat.

465 265 625 298 personas,
647 258 707 288 tam
726 255 961 295 ecclesiasticas,
980 256 1136 289 seculares
1157 258 1202 289 vel
1219 260 1221 274 ¹

466 308 635 349 regulares,
647 318 739 351 quam
755 307 848 340 laicas
860 308 1085 352 cuiuscumque
1097 314 1202 351 status,

465 360 592 402 gradus,
616 360 775 403 dignitatis
800 367 829 393 ct
852 361 1114 405 praeeminentiae
1139 362 1203 394 cxi-

466 418 602 453 stentes,
639 413 780 457 recipcre
811 418 838 448 ct
870 415 999 455 audire,
1031 426 1202 458 causasque

466 466 576 498 exinde
609 472 661 498 aut
686 467 761 500 alias
793 468 1029 511 quomodolibet
1054 480 1089 501 ex
1121 468 1221 501 dicta*

466 519 641 552 visitatione
665 520 712 552 vel
747 521 828 553 illius
858 523 950 554 causa
984 527 1221 564 emci·gcntes,r

466 578 528 605 tam
554 573 778 607 ecclesiasticas
803 585 896 618 quam
917 575 1072 618 profanas,
1088 586 1123 608 ac
1142 580 1202 607 tam

467 626 572 659 civiles
597 637 689 670 quam
715 627 893 661 criminales
928 634 957 661 ct
982 629 1114 668 mixtas,
1140 629 1203 661 sive

466 679 504 711 ad
523 681 738 723 procuratoris
757 681 832 721 tisci,
847 682 909 714 sivc
923 682 960 714 ad
979 682 1111 715 aliorum
1130 692 1204 725 quo-

467 743 676 777 rumcumque
701 734 894 776 instantiam,
928 740 981 767 aut
1012 746 1047 767 ex
1083 735 1203 775 officio,

467 786 586 828 audire,
611 797 811 830 cognoscere,
837 788 1024 832 quandoque
1052 788 1141 821 nobis
1159 799 1205 820 rc-

468 840 549 873 ferre
575 846 604 873 et
621 841 784 874 nobiscum
804 843 1047 883 communicare,
1068 853 1102 874 ac
1121 842 1204 874 iuxta

468 893 611 925 mandata
636 899 763 934 nostra,
793 905 848 927 scu
873 895 947 926 alias
971 898 1064 938 prout
1089 894 1204 927 iustitia

468 947 600 979 suaserit
622 952 651 980 ct
678 947 756 980 ordo
780 947 943 980 dictaverit
968 947 1108 988 rationis,
1137 948 1204 980 illas

468 998 612 1032 decidere
626 1004 656 1034 et
673 1001 850 1039 terminare,
866 1001 1001 1044 aliasque
1016 1001 1046 1033 in
1064 999 1132 1033 cas¹
1151 1012 1204 1034 vos

469 1051 646 1085 immiscere
660 1052 738 1085 sine‘2
758 1053 863 1096 aliquo
883 1053 1092 1087 conscientiae
1117 1064 1204 1087 scru-

468 1105 560 1148 pulo,
586 1112 638 1138 aut
670 1116 875 1139 censurarum
900 1106 1204 1147 ecclesiasticarum,

469 1159 516 1191 vel
541 1159 634 1192 etiam
660 1160 900 1203 irregularitatis
927 1161 1062 1201 incursu,
1083 1161 1204 1194 etiamsi

470 1212 539 1245 inde
569 1214 730 1256 sanguinis
762 1214 894 1254 effusio,
927 1214 1205 1258 membrorumque

469 1266 634 1307 mutilatio,
647 1273 700 1299 aut
716 1268 807 1300 etiam
826 1267 926 1301 ultimi
944 1267 1087 1311 supplicii
1105 1278 1206 1311 poena

470 1319 638 1362 infligenda
672 1321 801 1361 venerit,
831 1321 1003 1354 dummodo
1028 1332 1082 1354 vos
1107 1322 1165 1365 ipsi
1190 1332 1206 1353 a

470 1373 620 1406 sententia
641 1374 801 1416 sanguinis
821 1385 877 1417 per
902 1385 955 1407 vos
976 1374 1061 1417 ipsos
1079 1374 1206 1407 serenda

470 1426 660 1469 abstineatis,
677 1427 777 1460 libere
802 1433 832 1460 et
856 1427 939 1460 licite
956 1428 1091 1468 valeatis,
1117 1428 1208 1460 licen-

471 1479 544 1512 tiam
571 1480 771 1513 concedimus
796 1486 825 1513 et
850 1480 1059 1523 indulgemus.

515 1534 529 1575 ἓ
555 1533 584 1565 ⁶2.
610 1533 709 1576 thue
725 1533 855 1566 liberius
875 1534 913 1566 ab
930 1534 1076 1566 omnibus
1093 1534 1208 1566 denun-

471 1586 630 1628 ciationes,
644 1587 790 1630 querelae
808 1592 838 1619 et
848 1587 1074 1628 accusationes,
1088 1598 1123 1620 ac
1141 1597 1208 1620 cau-

471 1649 523 1672 sae
548 1649 763 1683 quaecumque
792 1640 830 1672 ad
856 1639 970 1673 dictam
1000 1640 1207 1673 visitationem

471 1693 664 1735 pertinentes
685 1692 799 1725 deferri
818 1693 948 1736 possint,
966 1693 1112 1726 omnibus
1128 1694 1209 1726 simi—

472 1745 542 1778 liter
558 1751 588 1778 et
611 1746 742 1789 singulis
761 1747 915 1790 personis,
933 1752 995 1779 tarn
1014 1747 1098 1780 laicis
1115 1758 1208 1790 quam

471 1798 604 1839 clerIcis‚
632 1799 725 1832 etiam
751 1799 781 1831 in
806 1800 902 1832 sacris
922 1806 951 1832 et
975 1800 1209 1844 presbyteratus

472 1851 635 1884 ordinibus
660 1852 844 1892 constitutis,
867 1853 1070 1893 secularibus,
1088 1857 1116 1886 et
1136 1864 1210 1896 quo-

473 1904 590 1936 rumvis
615 1904 772 1945 ordinum,
797 1905 1077 1948 congregationum
1103 1911 1131 1938 et
1157 1905 1210 1937 in-

473 1957 570 1989 stituti
595 1958 812 2000 regularibus,
837 1958 946 2000 quavis
971 1958 1062 1990 etiam
1089 1958 1209 2001 episco-

474 2010 535 2053 pali
561 2011 607 2043 vel
626 2011 736 2043 maiori
754 2011 963 2043 ecclesiastiea
985 2011 1031 2043 vel
1054 2011 1209 2043 mundana

474 2064 622 2106 «lignitate
649 2065 696 2097 vel
721 2065 967 2108 praeeminentia
999 2064 1210 2107 fulgentibus,

475 2118 527 2160 qui
553 2117 584 2150 in
601 2123 671 2151 actu
689 2118 828 2150 eiusdem
853 2117 1047 2158 visitationis,
1065 2128 1120 2151 seu
1137 2118 1211 2151 alias

476 2171 558 2204 illius
580 2172 754 2212 occasione,
772 2171 900 2215 aliquid,
921 2171 1004 2215 quod
1024 2172 1060 2204 ad
1087 2169 1230 2215 praedi-l

476 2228 540 2258 ctas
564 2235 672 2257 causas
693 2225 857 2268 pertineat,
874 2235 930 2268 per
948 2225 1027 2257 viam
1049 2224 1213 2258 denuncia-

476 2277 585 2317 tionis,
617 2278 763 2321 querelae
796 2278 842 2311 vel
867 2277 1083 2320 accusationis,
1109 2278 1212 2321 palan]

476 2331 523 2364 vel
548 2332 678 2371 occulte,
698 2337 818 2375 sponte,
838 2332 884 2364 vel
902 2331 939 2364 ad
957 2332 1101 2372 aliorum,
1119 2332 1213 2365 etiam

475 2385 690 2428 procuratoris
718 2385 796 2425 sisci,
829 2384 1017 2425 instantiam,
1043 2385 1072 2417 in
1098 2384 1213 2418 iudicio

479 2438 525 2470 vel
550 2443 636 2471 extra
665 2438 814 2471 iudicium
847 2439 1073 2479 revelaverint,
1106 2444 1158 2471 aut
1182 2438 1214 2471 in

476 2491 654 2535 praemissis
680 2491 890 2525 testimonium
916 2491 1060 2532 dixerint,
1087 2492 1132 2525 vel
1159 2492 1214 2524 ali-

512 2563 523 2588 1
546 2561 645 2589 Vocem
664 2569 712 2588 eas
731 2569 779 2588 nos
798 2561 925 2589 addimus
944 2562 985 2597 (n.
1003 2562 1050 2597 T.).

510 2606 526 2633 2
541 2606 610 2633 Male
625 2606 687 2634 edit.
707 2607 790 2634 Main.
807 2606 871 2643 legit
886 2607 943 2635 sive
958 2615 1006 2642 pro
1021 2607 1082 2635 sine
1097 2607 1135 2642 (R.
1148 2608 1195 2642 Τ.),
1231 2633 1232 2640 ἵ

1049 208 1226 233 BULLARIUM
1250 208 1403 233 nOMANUM

1237 257 1313 300 quid
1337 261 1504 300 propterea
1529 253 1734 297 scripserint,
1759 252 1975 295 iudicaverint,

1239 310 1432 349 dictaverint,
1447 307 1625 346 detulerint,
1640 307 1912 350 interrogaverint,
1926 307 1975 339 vel

1240 362 1423 405 interrogati
1448 360 1679 405 responderint,
1700 360 1745 392 vel
1770 360 1808 393 ad
1832 370 1902 393 reos
1926 359 1976 393 de-

1238 417 1398 459 tegendos,
1420 414 1659 454 convincendos,
1679 414 1858 458 capiendos,
1875 418 1977 447 eusto-

1238 470 1378 510 diendos,
1403 468 1587 513 puniendos
1613 467 1736 507 indicia,
1759 472 1876 508 votum,
1901 476 1976 500 con-

1238 523 1353 564 silium,
1374 523 1535 563 auxilium,
1554 522 1601 555 vel
1619 522 1769 562 favorem,
1794 531 1850 564 per
1875 530 1907 553 se
1927 520 1976 553 vel

1238 577 1344 617 alium,
1365 576 1482 609 directe
1509 576 1554 608 vel
1580 575 1730 607 indirecte
1755 573 1976 618 praestiterint,

1239 629 1301 661 sive
1328 634 1484 672 tamquam
1511 628 1629 660 iudices
1653 626 1815 669 ordinarii,
1844 626 1891 659 vel
1916 625 1973 659 de-

1239 683 1341 725 legati,
1367 682 1521 722 custodes,
1542 681 1679 721 scribae,
1706 685 1810 720 testes,
1834 679 1976 712 tabellio-

1238 746 1303 775 nes,
1332 736 1543 775 consultores,
1567 738 1800 778 procuratores,
1825 731 1976 772 advocati,

1238 800 1292 822 seu
1317 789 1391 821 alias
1422 799 1454 821 se
1479 789 1510 820 in
1533 787 1715 832 praemissis
1740 785 1978 831 quomodolibet
2003 804 2005 806 -

1239 842 1438 884 ingesserint,
1458 847 1493 874 ut
1509 842 1626 874 nullam
1651 846 1820 884 propterea
1844 848 1978 883 poenam

1241 895 1285 927 vel
1312 904 1477 927 censuram
1503 893 1747 927 ecclesiasticam
1772 896 1825 925 aut
1859 892 1979 934 irregu-

1240 947 1369 980 laritatis
1389 952 1494 980 notam
1521 947 1692 987 incurrant,
1709 945 1910 979 concedimus
1927 954 1979 988 pa-

1240 1001 1316 1033 riter
1336 1005 1365 1034 et
1389 1001 1598 1043 indulgemus.

1284 1055 1298 1098 g
1321 1054 1350 1087 3.
1373 1055 1442 1088 Non
1458 1054 1654 1087 obstantibus
1682 1052 1837 1096 generalis
1854 1051 1978 1085 concilii
1993 1061 2175 1084 eonimiaioun.

1239 1113 1331 1151 atque
1356 1108 1423 1140 aliis
1449 1107 1723 1141 constitutionibus
1747 1111 1777 1139 et
1800 1105 1975 1139 ordinatio-

1239 1161 1331 1193 nibus
1356 1160 1553 1204 apostolicis,
1583 1170 1618 1193 ac
1643 1159 1870 1203 cuiuscumque
1894 1158 1980 1192 Ordi-

1240 1214 1287 1247 nis
1312 1220 1341 1247 et
1367 1214 1568 1255 monasterii,
1598 1219 1689 1257 atque
1721 1213 1925 1246 ecclesiarum
1950 1217 1981 1245 et

1240 1268 1373 1301 aliorum
1391 1268 1516 1311 piorum
1536 1268 1680 1300 locorum
1697 1275 1979 1310 quorumcumque,

1240 1321 1332 1353 etiam
1366 1320 1554 1360 iuramento,
1583 1319 1821 1352 confirmatione
1848 1322 1977 1363 aposto-

1242 1374 1299 1407 lica
1314 1401 1321 1413 ‚
1354 1374 1399 1406 vel
1425 1374 1486 1406 alia
1508 1373 1617 1416 quavis
1642 1373 1789 1405 firmitate
1813 1372 1982 1412 roboratis,

1241 1428 1362 1460 statutis
1402 1431 1432 1460 et.
1467 1425 1770 1466 consuetudinibus,
1806 1425 1981 1469 ceterisque

1242 1481 1408 1514 contrariis
1433 1481 1695 1524 quibuscumque.

1286 1535 1398 1567 Datum
1423 1535 1539 1567 Romae
1555 1561 1562 1574 ,
1591 1533 1673 1577 apud
1705 1533 1734 1567 S.
1764 1533 1901 1574 Petrum,
1921 1532 1979 1566 sub

1243 1588 1358 1621 annulo
1372 1588 1549 1628 piscatoris,
1566 1587 1616 1620 die
1634 1597 1686 1620 xvi
1701 1587 1831 1620 ianuarii
1854 1595 1982 1628 nnctvr,

1243 1642 1443 1685 pontificatus
1467 1641 1567 1675 nostri
1586 1651 1667 1674 anno
1692 1651 1711 1674 1.

1280 1704 1336 1731 Dat.
1354 1704 1396 1731 die
1415 1704 1445 1731 1ss
1461 1704 1575 1731 ianuarii
1594 1704 1671 1737 1656,
1687 1703 1781 1739 pontis.
1799 1711 1841 1730 an.
1859 1710 1876 1729 1.

1561 1863 1659 1895 LXIX.

1244 1950 1472 1983 Hortatorium
1496 1951 1639 1993 capituto
1659 1950 1806 1983 ecclesiae
1832 1950 1984 1984 Cocinen-

1289 2004 1344 2043 sis,
1362 2008 1397 2036 ul
1414 2004 1601 2047 Hyacinthe
1619 2014 1637 2036 α
1655 2003 1685 2037 S.
1704 2003 1870 2036 Vincentio
1887 2003 1986 2046 fratri

1290 2057 1488 2089 De'scalceato
1522 2056 1657 2090 Ordinis
1695 2061 1824 2089 sanctae
1859 2056 1986 2089 Mariae

1290 2110 1328 2143 da
1352 2111 1459 2143 Monte
1486 2111 1644 2151 Carmelo,
1672 2110 1715 2143 acl
1734 2111 1812 2143 illas
1835 2115 1944 2155 partes
1965 2121 1985 2143 a

1290 2163 1378 2196 nobis
1403 2163 1573 2204 destinato,
1601 2163 1769 2196 nutritium
1793 2168 1822 2197 et
1841 2164 1985 2207 favorem

1291 2218 1464 2260 praebeant
1489 2228 1525 2250 ac
1547 2228 1606 2261 pro
1632 2217 1753 2251 viribus
1778 2217 1962 2251 assistant¹.

1248 2306 1371 2334 Dilectis
1400 2307 1472 2334 filiis
1499 2308 1612 2335 vicario
1642 2308 1805 2342 capitulari
1839 2307 1986 2335 ecclesiae

1283 2351 1465 2385 Goeinensis,
1486 2352 1570 2379 illius
1586 2353 1656 2380 sede
1676 2352 1840 2386 episcopali
1859 2354 1986 2379 vacante

1284 2396 1416 2429 legitime
1437 2398 1580 2429 deputato
1603 2405 1618 2423 a
1639 2397 1773 2430 capitulo
1789 2399 1820 2424 et
1835 2395 1987 2424 canonicis

1283 2440 1417 2468 eiusdem
1437 2441 1584 2468 ecclesiae
1606 2441 1787 2473 Cocinensis,

1441 2503 1604 2531 Alexander
1625 2504 1703 2538 Papa
1723 2504 1782 2531 vu.

1290 2608 1296 2633 l
1317 2606 1352 2634 Ex
1370 2606 1475 2642 aegest.
1494 2607 1519 2634 in
1536 2608 1636 2635 Seeret.
1655 2607 1789 2636 Brevium.

1992 205 2042 233 An·
2058 205 2086 234 C.
2105 206 2170 236 ¹656
