2243 3205
16 193 72 220 fivia
89 190 116 218 C.
136 189 203 217 1658

0 1697 3 1743 l

1 1834 4 1861 i

2 1885 4 1900 ι

2 1990 5 1998 .

2 2010 5 2031 l
46 2005 180 2030 Prooemium.

812 191 996 216 ALexaunEn
1022 192 1065 215 vn
1091 193 1136 215 rr.

216 237 334 281 busque
360 244 389 270 et
414 238 617 283 synodalibus
632 238 772 272 conciliis
790 238 890 279 editis,
907 249 958 282 ge-

216 291 377 324 neralibus
400 292 447 324 vel
465 292 666 336 specialibus,
683 292 956 326 constitutionibus

215 349 245 375 et
264 344 531 387 ordinationibus,
552 356 684 386 necnon,
699 351 850 389 quatenus
876 356 956 390 opus

214 396 262 438 sit,
282 396 464 431 Ortonensis
486 403 513 432 et
531 399 723 443 Camplensis
741 399 955 439 eeclesiarum,

214 455 244 482 ct
267 450 335 482 aliis
360 451 531 494 quibusvis,
557 453 650 485 etiam
677 452 866 493 iuramento,
885 462 955 485 con-

214 502 392 536 firmatione
410 505 582 548 apostolica
609 505 654 537 vel
682 506 789 548 quavis
807 505 954 539 firmitate

213 555 271 587 alia
291 556 457 595 roboratis,
475 559 596 592 statutis
613 564 639 591 et
664 559 953 602 consuetudinibus,

212 609 385 652 privilegiis
410 622 546 655 quoque,
569 613 695 646 indultis
712 613 864 647 etlitteris
882 623 955 657 apo-

212 663 330 695 stolicis
351 663 380 696 in
402 666 595 698 eontrarium
614 666 861 709 praemissorum
880 677 955 710 quo—

212 715 383 749 modolibet
407 718 580 759 concessis,
606 719 801 751 confirmatis
820 725 849 752 ct
870 720 954 753 inno-

211 769 305 808 vatis;
323 770 436 813 quibus
454 771 600 805 omnibus
618 778 645 805 et
668 773 809 816 singulis,
828 773 952 807 illorum

211 829 335 856 tenores
359 825 576 867 praesentibus
601 836 659 869 pro
691 827 783 869 plene
810 831 839 860 et
867 827 952 860 suffi-

211 877 329 910 cienter
346 879 502 922 expressis
521 890 555 912 ae
576 879 613 913 de
636 880 732 913 verbo
757 880 794 913 ad
822 881 952 914 verbum

210 929 334 963 insertis
352 931 512 973 babentes,
538 933 598 965 illis
623 933 698 965 alias
717 933 745 965 in
761 944 816 967 suo
838 934 953 967 robore

211 984 438 1027 permansuris,
463 985 501 1018 ad
527 987 774 1029 praemissorum
794 987 952 1029 effectum,

211 1037 268 1069 hac
288 1037 353 1070 viee
371 1037 543 1080 dumtaxat,
563 1040 741 1083 specialiter
758 1046 787 1074 et
805 1051 952 1084 expresse

210 1090 414 1134 derogamus;
435 1093 610 1136 ceterisque
635 1094 801 1127 contrariis
822 1094 951 1137 quibus-

211 1154 355 1188 cumque.

254 1198 364 1230 Datum
375 1197 503 1240 Romae,
518 1199 598 1242 apud
610 1200 638 1231 S.
651 1200 778 1232 Mariam
791 1200 950 1239 Maiorem,

210 1250 268 1283 sub
291 1251 407 1283 annulo
430 1251 613 1293 piscatoris,
635 1253 684 1285 die
709 1263 773 1286 xxn
802 1254 948 1286 februarii

211 1313 360 1343 tviDCLvnt,
378 1305 579 1348 pontificatus
600 1307 699 1338 nostri
722 1316 861 1339 annoni.

248 1367 304 1394 Dat.
323 1366 365 1394 die
380 1367 413 1394 ‘2⁴2
430 1367 559 1395 februarii
577 1369 660 1403 1t³5s,
678 1370 773 1405 pontif.
791 1379 861 1397 anno
876 1377 914 1397 ttt.

538 1512 618 1544 CXC.

211 1590 334 1623 Erectio
362 1591 461 1623 triam
488 1591 752 1624 commendaram
779 1592 950 1635 hospitalis

253 1643 284 1675 S.
314 1644 449 1676 Ioannis
473 1643 767 1687 Hierosolymv'tam‘
790 1655 829 1677 ear
861 1645 950 1677 bonis

253 1706 441 1739 suppressae
456 1698 697 1740 praeceptore'ae
717 1708 770 1729 seu
792 1708 950 1730 commen-

254 1749 313 1781 ctae
336 1749 368 1782 S.
394 1750 521 1782 Mariae
548 1750 706 1783 Fanensis
738 1751 817 1783 dicti
843 1751 949 1794 hospi-

256 1802 365 1835 lalis'.

405 1882 574 1911 Alexander
594 1884 672 1918 Papa
692 1885 755 1917 vn,

360 1928 396 1954 ad
416 1929 549 1955 futuram
564 1929 607 1956 rei
624 1930 801 1956 memoriam.

255 1998 412 2032 Militantis
437 1999 592 2033 Ecclesiae
627 2000 772 2043 regimini
798 2001 950 2034 inscruta-

211 2051 264 2084 bili
290 2053 412 2085 divinae
437 2052 651 2096 providentiae
676 2054 826 2097 sapientia
858 2065 950 2098 prae-

211 2105 356 2148 sidentes,
383 2111 413 2138 ct
437 2108 552 2139 attenta
578 2107 690 2140 mentis
719 2108 784 2141 acie
809 2108 951 2142 conside-

212 2165 326 2200 rantes,
352 2159 505 2204 hospitale
530 2160 558 2193 S.
578 2160 701 2193 loannis
726 2161 949 2206 Hierosolymi-

211 2212 283 2252 tani,
303 2212 331 2244 in
351 2212 450 2244 insula
468 2212 599 2254 Melitae,
618 2213 699 2246 beati
718 2214 804 2247 Pauli
818 2215 949 2258 apostoli

210 2264 348 2309 bospitio
373 2271 402 2298 et
428 2265 587 2299 miraculis
611 2267 713 2308 clara,
738 2267 775 2300 ad
803 2278 950 2311 praesens

210 2319 425 2359 constitutum,
441 2320 655 2353 firmissimum
675 2331 743 2353 csse
758 2321 949 2364 reipublicae

210 2371 398 2405 christianae
415 2373 562 2406 adversus
583 2375 755 2407 'furcarum
776 2375 950 2408 invasiones

209 2427 493 2469 propugnaculum,
505 2427 706 2471 eiusdemque
721 2428 883 2471 hospitalis
894 2428 951 2460 fra-

210 2482 271 2513 tres
297 2479 410 2513 milites
432 2485 590 2524 tamquam
609 2491 699 2513 veros
716 2481 828 2514 Clu-isti
855 2481 950 2515 athle-

248 2597 254 2621 l
280 2594 316 2621 Ex
338 2595 444 2630 liegest.
467 2596 491 2622 in
513 2596 613 2623 Seeret.
632 2596 707 2623 Brev.

992 245 1036 271 tas
1060 240 1202 283 prolidei
1218 243 1388 276 catholicae
1413 243 1592 276 defensione
1615 244 1729 286 iugiter

990 292 1145 333 laborare,
1176 293 1318 337 dignum,
1347 297 1421 340 quin
1453 297 1556 339 potius
1589 296 1726 329 debiturn

989 350 1180 389 reputamus,
1208 353 1236 379 ut
1263 347 1357 380 Sedes
1379 349 1555 392 Apostoliea
1574 360 1669 383 novas
1688 350 1729 382 in-

988 398 1112 431 terdum
1149 401 1383 443 praeceptorias
1420 412 1472 434 seu
1510 402 1728 445 commendas,

987 452 1080 484 etiarn
1106 453 1233 495 praevia
1256 453 1389 486 alieuius
1422 455 1627 498 opulentioris
1656 456 1730 489 divi-

989 505 1085 546 stom,
1110 516 1168 548 pro
1190 505 1266 549 ipsis
1291 507 1440 539 fratribus
1462 508 1611 541 militibus
1630 511 1726 552 erigat

988 564 1017 590 et
1042 558 1189 601 instituat,
1209 570 1271 603 quo
1288 560 1431 603 pluribus
1453 571 1487 594 ex
1510 562 1656 595 fratribus
1676 565 1729 595 ιιιι·

987 611 1095 644 litibus
1131 612 1311 645 huiusmodi
1350 613 1378 645 in
1415 624 1544 646 suorum
1582 616 1726 648 laborum

987 666 1163 709 praemium
1182 666 1220 699 de
1236 668 1450 711 opportunae*
1468 670 1727 702 remunerationis

988 719 1140 752 beneficio
1166 720 1265 752 valeat
1288 720 1460 764 provideri,
1480 722 1601 766 ipsique
1620 733 1656 755 eo
1669 723 1728 755 ala-

988 773 1071 805 erius
1098 773 1127 805 in
1153 778 1215 806 tam
1242 774 1389 806 laudabili
1423 784 1532 807 eorum
1567 776 1727 808 vocatione

988 831 1015 859 et
1042 826 1183 860 instituto
1208 832 1420 871 perseverent.

1032 879 1046 922 g
1062 879 1089 912 l.
1117 880 1192 913 Cum
1212 880 1327 924 itaque,
1346 881 1423 913 sicut
1438 880 1626 925 accepimus,
1641 892 1728 926 prae-

987 933 1125 976 ceptoria
1141 943 1195 966 seu
1210 934 1395 967 commenda
1420 934 1448 967 S.
1468 935 1561 967 Marci
1580 935 1727 967 Fanensis

987 986 1150 1030 hospitalis
1176 987 1328 1031 praedicti
1355 988 1406 1026 <de
1424 999 1494 1032 qua,
1513 989 1587 1021 alias
1612 1000 1667 1032 per
1693 989 1727 1021 li—

987 1039 1094 1072 beram
1120 1046 1148 1072 et
1174 1046 1376 1084 spontaneam
1404 1041 1576 1075 cessionem
1600 1052 1726 1074 venera-

986 1093 1057 1125 bilis
1082 1093 1185 1127 fratris
1210 1095 1309 1127 nostri
1337 1095 1460 1128 Antonii
1493 1095 1632 1139 episcopi
1665 1097 1725 1128 Tu-

986 1146 1104 1178 sculani
1130 1146 1297 1179 cardinalis
1316 1148 1440 1181 Antonii
1466 1148 1625 1181 Barberini
1651 1159 1726 1181 nun-

986 1201 1100 1244 cupati,
1126 1200 1154 1233 S.
1173 1201 1207 1233 P..
1227 1202 1258 1234 F„
1278 1202 1454 1241 camerarii,
1476 1202 1527 1245 qui
1550 1202 1633 1234 illam
1656 1208 1726 1235 trun·

985 1264 1021 1286 ex
1047 1255 1249 1287 concessione
1264 1261 1291 1287 et
1307 1255 1538 1299 dispensatume
1554 1257 1726 1299 apostolica

986 1307 1154 1347 obtinebat,
1170 1308 1199 1340 in
1217 1308 1360 1341 inanibus
1387 1309 1483 1342 felicis
1501 1309 1727 1342 reeordationis

987 1361 1101 1394 Urbani
1130 1362 1228 1406 Papae
1254 1363 1318 1395 t’ltt
1345 1363 1597 1406 praedecessoris
1627 1364 1725 1396 nostri

986 1414 1098 1446 factam
1125 1419 1261 1457 vacante,
1280 1415 1361 1448 idem
1382 1416 1526 1449 Urbanus
1547 1416 1726 1460 praedeces-

985 1478 1038 1500 sor
1063 1467 1176 1501 dilecto
1202 1469 1266 1501 filio
1292 1470 1419 1502 Nicolao
1444 1469 1615 1503 Barberino
1629 1470 1724 1503 nobili

987 1522 1127 1554 Romano
1154 1522 1183 1553 in
1208 1523 1317 1566 quinto
1339 1528 1411 1555 tum·
1429 1534 1502 1556 suae
1519 1524 1627 1556 aetatis
1645 1534 1725 1556 anno

986 1574 1170 1616 constituto,
1197 1580 1225 1607 et
1252 1586 1321 1609 eum
1348 1586 1410 1619 quo
1435 1582 1523 1609 antea
1549 1576 1725 1620 praedictus¹

986 1628 1128 1661 Urbanus
1141 1629 1365 1672 praedeeessor
1378 1641 1472 1673 snper
1482 1630 1603 1663 defectu
1617 1631 1725 1663 aetatis

986 1681 1181 1722 huiusmodi,
1208 1683 1247 1715 ita
1274 1689 1314 1724 ut,
1344 1683 1396 1716 illo
1418 1694 1479 1717 non
1505 1684 1664 1723 obstante,
1690 1695 1724 1716 ac

985 1736 1056 1769 licet
1089 1736 1228 1769 liabitum
1266 1747 1322 1780 per
1359 1737 1469 1770 fratres
1506 1738 1619 1770 milites
1651 1737 1723 1771 dieti

985 1789 1147 1833 hospitalis
1172 1790 1287 1832 gestari
1307 1790 1432 1824 solitum
1451 1801 1513 1823 non
1527 1791 1724 1834 suscepisset,

985 1852 1041 1875 nee
1066 1843 1293 1886 professionem
1320 1853 1377 1887 per
1395 1843 1519 1876 cosdem
1538 1844 1634 1876 emitti
1655 1855 1725 1876 eon<

985 1900 1105 1928 suetam
1131 1896 1285 1928 emisisset
1311 1897 1501 1939 regularem,
1526 1907 1626 1940 neque
1649 1897 1725 1929 resi-

985 1948 1120 1982 dentiam
1152 1954 1180 1981 et
1213 1959 1380 1982 caravanas
1408 1950 1529 1993 aliaque
1554 1950 1592 1982 ad
1618 1949 1646 1982 id
1673 1960 1725 1982 ne—

985 2002 1120 2034 cessaria
1145 2002 1268 2035 fecisset
1293 2008 1320 2035 et
1347 2002 1588 2046 adimplevisset,
1607 2008 1635 2035 et
1660 2003 1726 2046 qui-

985 2056 1180 2100 buscumque
1212 2057 1280 2089 aliis
1315 2068 1372 2100 per
1404 2062 1517 2089 statuta
1549 2068 1601 2089 seu
1634 2057 1726 2089 stabi-

986 2109 1113 2142 limenta
1143 2114 1172 2142 et
1205 2109 1419 2143 ordinationes
1448 2109 1635 2153 capitulares
1668 2110 1725 2142 ho-

985 2162 1105 2205 spitalis
1131 2162 1310 2195 huiusmodi
1338 2163 1510 2206 apostoliea
1541 2163 1724 2196 auctoritate

986 2216 1170 2249 confirmata
1207 2217 1365 2259 requisitis
1402 2217 1530 2249 mininie
1564 2216 1724 2260 praeditus

985 2273 1074 2308 esset,
1088 2269 1293 2301 nibilominus
1305 2270 1555 2313 praeceptoriam
1575 2281 1627 2302 seu
1643 2280 1725 2302 eom-

986 2320 1129 2353 mendam
1156 2322 1184 2353 S.
1210 2322 1303 2354 Marci
1330 2323 1479 2355 Fanensis
1508 2323 1723 2366 praedit-tam,

985 2374 1008 2405 si
1031 2374 1074 2406 illi
1093 2374 1290 2407 conferretur
1309 2376 1352 2407 vel
1373 2375 1657 2417 commendaretur,
1673 2381 1720 2407 aut

986 2427 1049 2470 ipse
1075 2427 1150 2459 alias
1176 2427 1213 2459 dc
1236 2428 1288 2459 illa
1314 2429 1545 2472 providi-retur,
1564 2429 1722 2472 recipere⁷

984 2481 1126 2515 obtinere
1151 2487 1180 2513 et
1197 2482 1331 2515 retinere
1349 2486 1452 2525 posset
1470 2488 1497 2515 et
1518 2483 1643 2523 valeret,
1661 2482 1723 2514 dis-

1024 2600 1029 2622 l
1057 2597 1104 2624 tid.
1127 2598 1208 2624 Muin.
1232 2598 1293 2631 legit
1316 2601 1472 2632 opprimunt*
1498 2608 1532 2633 μκ.
1554 2606 1577 2625 Τ.
1597 2622 1600 2626 .

1632 186 1696 219 339.
1745 196 1793 221 An.
1811 196 1838 222 e.
1858 197 1929 223 1658

1771 895 1855 915 itania.
