2263 3215
321 208 368 234 An.
384 207 414 234 C.
435 207 503 234 1655

349 1481 458 1503 Commi-ia
471 1487 487 1503 r.
494 1491 504 1498 -

323 1508 382 1529 tellit.

518 254 687 287 modolibet
707 252 871 285 innodatus
896 250 1001 283 existis
1017 250 1082 290 ,'ad
1106 250 1250 283 effectum

519 307 728 351 praesentium
754 303 1016 347 consequendum,
1036 304 1146 335 liarum
1172 302 1252 336 serie

518 361 711 394 absolventes
735 365 764 391 et
788 360 964 391 absolutum
992 358 1056 391 sore
1081 363 1251 396 censentes,

519 420 602 447 motu
619 412 756 456 proprio,
769 418 798 443 ct
812 423 846 444 ex
862 413 946 444 certa
971 411 1098 443 scicntia
1113 421 1148 443 ac
1166 411 1251 442 mera

519 466 700 499 liberalitate
732 465 870 504 nostris,
903 470 931 496 te
963 469 1090 496 auratae
1124 462 1252 495 militiae

518 519 664 561 equitem,
682 523 712 550 et
735 518 823 549 aulae
848 517 1064 550 Lateranensis
1094 520 1123 548 et
1148 513 1252 558 palatii

517 571 676 615 apostolici
702 570 868 609 comitem,
899 575 1007 601 tenore
1031 568 1253 612 praesentium,

518 625 647 657 facimus
671 629 700 656 et
725 633 878 663 creamus
897 627 988 665 teque
1012 622 1144 654 aliorum
1171 620 1254 663 equi-

518 683 582 709 tum
608 682 637 709 et
662 676 808 709 comitum
835 674 1013 708 huiusmodi
1039 684 1205 706 numerum
1224 678 1254 705 et

519 730 677 763 consortio
702 729 912 762 favorabiliter
936 737 1156 770 aggregamus,
1181 725 1253 758 tibi-

519 793 578 826 que
596 788 628 815 ut
652 788 796 825 torquem
821 791 951 814 aureum
970 786 1000 812 et
1016 790 1121 812 ensem
1140 790 1176 812 ac
1204 789 1254 811 au-

519 840 585 868 rata
609 835 741 867 calcaria
765 839 897 876 gestare,
918 843 1039 865 necnon
1059 832 1206 865 omnibus
1223 837 1254 864 et

519 887 649 930 singulis
666 887 847 930 privilegiis,
862 886 980 928 grauis,
998 885 1134 924 indultis,
1153 895 1254 917 exem-

518 941 675 985 ptionibus
690 946 719 972 et
732 939 967 983 praerogativis,
978 938 1092 982 quibus
1105 938 1155 970 alii
1170 938 1254 982 equi-

518 999 564 1026 tes
588 999 618 1026 et
641 994 770 1026 comites
795 992 973 1026 huiusmodi
998 992 1036 1024 de
1061 991 1146 1031 iure,
1172 1002 1252 1033 usu,

519 1046 751 1086 consuetudine,
774 1051 826 1079 aut
850 1046 925 1078 alias
950 1045 1188 1088 quomodolibet
1211 1056 1250 1077 u-

519 1105 635 1142 tuntur,
662 1100 806 1132 fruuntur
831 1105 860 1132 et
884 1099 1030 1142 gaudent,
1058 1109 1094 1132 ac
1117 1098 1172 1139 uti,
1192 1098 1253 1131 frui

518 1159 547 1187 et
569 1153 705 1196 gaudere
729 1158 857 1197 possunt
887 1158 917 1185 et
946 1157 1092 1196 poterunt
1121 1162 1252 1196 quomo-

518 1207 634 1240 dolibet
658 1207 688 1239 in
712 1207 862 1247 futurum,
887 1207 954 1250 pari
981 1206 1074 1239 modo
1095 1206 1186 1249 (citra
1211 1211 1253 1238 ta-

519 1270 589 1293 men
609 1260 821 1303 exemptiones
838 1270 854 1291 a
872 1270 960 1292 sacro
977 1259 1115 1292 Concilio
1127 1258 1254 1292 Triden-

519 1313 583 1346 tino
607 1313 757 1356 sublatas)
775 1312 829 1353 uti,
857 1312 917 1345 frui
942 1317 972 1344 et
996 1311 1134 1354 gaudere
1156 1311 1253 1344 libere

518 1371 548 1399 et
572 1366 653 1399 licite
678 1366 788 1405 valeas,
809 1365 1021 1409 praesentium
1047 1363 1253 1398 eorumdem¹

519 1425 625 1452 tenore
649 1419 848 1452 concedimus
871 1423 900 1452 et
922 1418 1131 1461 indulgemus.

563 1473 577 1517 §
600 1472 629 1506 2.
654 1473 722 1506 Non
751 1472 946 1506 obstantibus
977 1471 1253 1505 constitutionibus

519 1531 548 1560 et
564 1526 812 1560 ordinationibus
829 1525 1019 1570 apostolicis,
1032 1536 1067 1558 ac
1081 1525 1252 1570 quibusvis,

518 1580 609 1613 etiam
646 1580 829 1620 iuramento,
851 1579 1090 1613 confirmatione
1121 1584 1249 1623 aposto-

517 1632 590 1674 lica,
615 1633 662 1666 vel
686 1632 795 1676 quavis
820 1632 966 1666 firmitate
992 1632 1051 1665 alia
1077 1632 1251 1673 roboratis,

516 1686 637 1719 statutis
650 1690 679 1720 et
694 1686 981 1727 consuetudinibus,
992 1686 1168 1730 ceterisque
1182 1696 1252 1720 con-

516 1739 618 1772 trariis
643 1740 903 1783 quibuscumque.

560 1791 671 1824 Datum
696 1792 822 1831 Romae,
854 1792 936 1835 apud
964 1792 992 1825 S.
1014 1792 1140 1825 Mariam
1161 1791 1252 1824 Maio-

517 1854 602 1884 rem,
622 1845 680 1877 sub
707 1846 822 1878 annulo
847 1845 1023 1886 piscatoris,
1048 1845 1099 1878 die
1127 1856 1146 1879 x
1175 1844 1249 1878 iunii

518 1906 630 1937 MDCLV,
655 1898 853 1941 pontificatus
875 1898 972 1931 nostri
998 1908 1079 1931 anno
1099 1908 1118 1931 1.

553 1958 609 1986 Dat.
626 1959 669 1986 die
687 1960 718 1986 10
737 1960 800 1987 iunii
820 1961 895 1995 1655,
913 1960 1007 1996 pontif.
1026 1969 1095 1988 anno
1112 1967 1130 1987 1.

579 2037 704 2072 Similis
727 2050 785 2082 pro
808 2040 950 2083 sinqulis
978 2041 1056 2073 aliis
1077 2041 1189 2084 pueris

540 2090 724 2124 honorariis
748 2093 839 2125 inacta
864 2093 1013 2125 notulam
1036 2097 1228 2137 sequentem.

561 2161 692 2195 Nomina
715 2168 745 2194 et
776 2163 961 2205 cognomina
985 2163 1191 2207 quadraginta
1215 2174 1250 2196 ac

519 2214 610 2246 unius
619 2214 921 2248 adolescentulorum
936 2217 1098 2256 nobilium,
1110 2228 1163 2250 seu
1178 2228 1251 2261 pue-

519 2276 627 2299 rorum
642 2267 893 2309 honorariorum,
908 2269 959 2312 qui
979 2270 1008 2301 in
1020 2270 1151 2303 solemni
1166 2270 1251 2313 equi-

520 2319 632 2352 tatione
645 2330 662 2352 a
676 2320 821 2353 Vaticano
835 2321 871 2353 ad
886 2323 1049 2354 ecelesiam
1068 2323 1251 2355 Later-anen-

520 2382 583 2404 sem
609 2372 809 2407 Sanctissimo
834 2375 1053 2418 inservierunt,
1075 2377 1235 2410 videlicet:

565 2426 734 2459 Alexander
758 2428 968 2461 lllarescottus.

565 2479 692 2512 loannes
717 2480 849 2523 Baptista
873 2481 1073 2516 Gottisredus.

565 2531 677 2563 Marius
702 2533 739 2565 (le
766 2534 881 2567 Vetera.

558 2594 570 2620 1
591 2593 687 2628 Aptius
706 2593 764 2629 lege
783 2596 945 2624 earumdem
965 2600 1001 2632 (n.
1019 2598 1065 2631 T.).

1097 202 1275 226 BULLARIUM
1300 201 1454 226 ROMANUM

1330 247 1486 281 Leonidus
1510 246 1652 280 Ursinus.

1330 301 1483 334 Antonius
1509 299 1675 333 Patriarca.

1332 354 1492 397 Philippus
1517 353 1612 386 Maria
1635 352 1833 386 Carduccius.

1331 406 1461 439 loannes
1487 406 1599 439 Paulus
1622 405 1661 439 de
1685 405 1840 450 Gasparis.

1331 459 1438 492 Pirrus
1462 459 1645 492 Albericius.

1330 512 1427 546 lulius
1451 512 1488 545 de
1512 512 1678 546 Nobilibus
1702 511 1934 546 Vetelleschius.

1330 566 1427 599 Lucas
1452 566 1604 600 Antonius
1629 565 1824 600 Eustachius.

1332 618 1442 662 loseph
1469 619 1663 652 Ferentillus.

1332 672 1445 705 Paulus
1469 673 1615 706 Nicolaus
1640 672 1810 706 Veniet-ius.

1331 725 1474 770 Aloysius
1498 725 1698 758 Tliolomcus.

1331 778 1461 811 michael
1486 779 1622 821 Angelus
1646 779 1770 811 Toatus.

1332 832 1515 865 Franciscus
1539 832 1693 865 Antonius
1718 831 1835 865 Vitalis.

1331 884 1444 918 Paulus
1468 885 1637 918 Bernenus.

1331 937 1516 972 Franciscus
1539 937 1765 972 Ferdinandus.

1331 991 1482 1024 Antonius
1506 991 1631 1025 Cerrus.

1331 1043 1448 1087 Gaspar
1471 1044 1510 1077 de
1533 1045 1671 1078 Anibalis
1696 1043 1734 1078 de
1757 1043 1895 1078 Molaria.

1331 1096 1472 1130 Clemens
1497 1097 1669 1131 Mattheius.

1331 1150 1506 1184 Alexander
1530 1151 1568 1184 de
1592 1151 1741 1185 Maximis.

1332 1203 1462 1237 loannes
1486 1204 1616 1238 Iacobus
1641 1205 1807 1248 Arigonus.

1330 1257 1522 1300 Augustinus
1546 1258 1699 1292 Antonius
1722 1257 1868 1292 Fumeus.

1331 1310 1517 1344 Franciscus
1542 1311 1681 1344 Ursinus.

1331 1364 1442 1409 Ioseph
1465 1365 1631 1399 Costasius.

1331 1418 1517 1452 Laurentius
1541 1418 1666 1451 Vellius.

1331 1471 1495 1515 Philippus
1519 1471 1690 1515 Sei-lupius.

1330 1524 1467 1557 Iulianus
1492 1523 1608 1557 Butius.

1331 1577 1469 1610 Iulianus
1494 1577 1633 1611 Ursinus.

1331 1630 1510 1663 Vincentius
1534 1630 1693 1664 Columna.

1330 1684 1489 1727 Eugenius
1517 1684 1627 1717 Mutus

1329 1737 1449 1780 Gaspar
1474 1737 1595 1779 Brigus.

1330 1790 1442 1833 loseph
1468 1789 1725 1833 Buccapadulius.

1329 1843 1544 1885 Archangelus
1569 1842 1753 1876 Mandosius.

1283 1908 1287 1910 ·
1329 1895 1485 1928 Fabritius
1510 1895 1668 1928 Vallalius.

1328 1949 1510 1982 Dominicus
1534 1948 1699 1991 Arigonus.

1328 2002 1424 2035 Iulius
1448 2002 1561 2044 Pegna.

1329 2056 1436 2089 Petrus
1459 2055 1620 2089 Cremona.

1328 2108 1457 2142 Ioannes
1482 2108 1617 2151 Baptista
1641 2107 1804 2140 Ansaldus.

1327 2161 1480 2195 Antonius
1504 2160 1692 2193 Botticellus.

1327 2215 1440 2259 loseph
1464 2214 1621 2247 Martolus.

1628 2357 1677 2390 Xl.

1267 2427 1475 2462 *commissio
1500 2428 1644 2471 episcopo
1671 2427 1803 2462 Cltz'ensi
1825 2427 1868 2461 ad
1892 2427 2022 2471 capien-

1329 2481 1386 2513 das
1405 2481 1652 2524 informationes
1668 2491 1764 2525 super
1780 2480 1957 2515 excessibus
1974 2490 2024 2514 ar-

1328 2535 1522 2579 chiepiscopi
1547 2535 1721 2568 Naoeiensis
1734 2534 1751 2567 ¹.

1268 2609 1269 2622 ι
1318 2598 1332 2625 1
1349 2596 1387 2625 Ex
1403 2597 1509 2633 Regest.
1526 2597 1553 2625 in
1573 2598 1679 2626 Secret.
1697 2596 1774 2625 Brev.

2038 199 2088 227 An.
2103 199 2133 227 C.
2151 199 2221 233 1655
