2185 3188
84 167 142 194 An.
159 166 187 194 C.
209 165 277 194 1655

124 2088 245 2110 Exordium.

888 166 1074 190 ALEXANDER
1100 166 1145 189 Vtt
1164 166 1212 189 PP-

294 219 474 258 versentur,
504 214 675 259 apostolica
699 213 883 248 auctoritate
898 241 905 253 ‚
926 220 1034 246 tenore

292 268 516 312 praesentium,
530 269 757 302 confirmamus
767 274 797 302 et
811 268 1034 312 approbamus,

293 331 330 354 ac
353 327 526 365 perpetuae
561 327 590 354 et
625 321 812 354 inviolabilis
843 320 1034 364 apostolicae

293 373 451 407 firmitatis
476 374 591 408 robore
615 373 856 413 communimus,
874 384 909 406 ac
926 383 1034 405 omnes

293 432 323 460 et
339 427 481 470 singulos
506 433 567 460 tam
589 428 667 460 iuris
688 438 781 470 quam
798 427 866 460 sacti
885 426 1034 466 desectus,

293 479 318 513 si
343 480 396 524 qui
421 481 556 525 desuper
588 481 618 513 in
650 481 694 513 eis
722 480 959 524 quomodolibet
990 480 1034 512 in-

295 535 505 575 tervenerint,
530 535 734 578 supplemus,
760 544 881 566 necnon
908 534 1035 578 insuper

293 588 441 621 omnibus
465 594 495 621 et
519 588 650 631 singulis
681 587 866 620 eorumdem
900 588 1032 619 fratrum

293 640 517 685 interpretibus
540 652 624 674 nunc
648 641 886 686 Hierosolymis,
911 641 1034 674 Betlile-

293 693 366 728 hem
392 700 422 727 et
445 695 598 728 Nazareth
623 695 828 728 existentibus
853 700 883 727 et
908 695 1035 727 viventi-

293 747 364 787 bus,
384 747 414 780 in
431 747 598 781 cuiuslibet
623 758 733 780 eorum
761 748 872 780 mortis
892 748 1034 788 articulo7

294 800 319 833 si
345 811 418 834 vere
443 801 638 844 poenitentes
664 807 693 834 et
718 801 851 834 confessi
887 812 922 833 ac
947 804 1034 834 sacra

295 854 517 887 communione
542 854 661 895 resecti,
679 854 738 895 vel,
758 860 912 898 quatenus
938 853 966 886 id
994 854 1035 886 sa-

294 918 366 940 cere
389 908 609 951 nequiverint,
634 908 744 941 saltem
769 907 894 941 contriti
920 918 1034 941 nomen

294 960 364 994 Iesu
388 972 443 995 ore
475 961 499 994 si
525 962 706 1006 potuerint,
732 961 780 994 sin
811 967 914 994 autem
941 962 1035 995 corde

295 1015 405 1049 devote
429 1015 664 1056 invocaverint,
692 1015 866 1059 plenariam
892 1016 1034 1048 omnium

295 1078 425 1101 suorum
449 1073 650 1112 peccatorum
678 1069 903 1111 indulgentiam
930 1075 960 1102 et
992 1080 1036 1102 re-

296 1121 478 1155 missionem
499 1122 749 1156 misericorditer
765 1123 795 1154 in
811 1122 945 1155 Domino
966 1133 1037 1156 con-

295 1175 435 1208 cedimus
468 1180 498 1209 et
522 1176 716 1219 elargimur,
745 1186 808 1209 non
840 1176 1036 1209 obstantibus

296 1229 571 1262 constitutionibus
595 1235 624 1262 et
648 1229 898 1263 ordinationibus
916 1235 1037 1273 aposto-

296 1282 373 1323 licis,
390 1282 565 1326 ceterisque
585 1283 753 1316 contrariis
773 1283 1035 1327 quibuscumque.

339 1331 450 1369 Datum
476 1336 604 1377 Romae,
627 1337 710 1380 apud
735 1337 764 1370 S.
789 1337 917 1370 Mariam
942 1338 1035 1371 Maio-

298 1398 375 1430 rem,
389 1388 447 1421 sub
465 1389 580 1422 annulo
598 1389 775 1431 piscatoris,
793 1390 843 1423 die
859 1400 893 1423 111
911 1392 1035 1434 augusti

299 1451 413 1482 unccv,
440 1442 639 1485 pontificatus
658 1444 757 1476 nostri
778 1454 859 1477 anno
880 1454 900 1477 1.

335 1502 393 1530 Dat.
409 1503 452 1531 die
468 1504 483 1531 3
499 1505 604 1539 augusti
624 1504 699 1539 1655,
715 1506 809 1540 pontit.
827 1513 869 1533 an.
886 1513 904 1532 1.

612 1647 725 1680 XXVII.

299 1725 509 1767 Confirmatio
534 1727 775 1760 constitutionis
798 1738 895 1770 super
911 1729 1036 1761 ambitu

339 1779 573 1812 monachorum
591 1780 859 1823 Conqreqalz'om's
875 1782 1038 1824 Reforma-

341 1836 390 1865 lae
402 1833 508 1866 sancti
523 1832 690 1866 Beromrdi
703 1833 838 1867 Ordinis
853 1834 1038 1868 Cistercien-

340 1884 415 1918 sis¹.

490 1957 659 1984 Alexander
679 1957 758 1991 Papa
778 1958 841 1989 vu,

439 2001 475 2028 ad
497 2001 630 2028 futuram
649 2002 694 2029 rei
713 2004 894 2029 memoriam.

341 2081 356 2125 ἓ
381 2081 409 2114 1.
436 2081 542 2125 Nuper
566 2092 625 2126 pro
649 2087 737 2125 parte
755 2081 858 2115 dilecti
885 2082 938 2115 filii
964 2093 1037 2126 pro-

297 2135 451 2168 curatoris
476 2135 631 2178 generalis
648 2135 905 2178 Congregationis
927 2136 1036 2169 Refor-

299 2194 398 2221 matae
423 2189 520 2222 sancti
541 2189 690 2222 Bernardi
711 2189 836 2223 Ordinis
858 2190 1038 2223 Cistercien-

297 2242 339 2275 sis
363 2242 454 2276 nobis
475 2243 649 2287 expositum
667 2243 734 2284 fuit,
751 2243 835 2287 quod
857 2243 938 2276 inter
962 2244 1037 2276 alias

296 2295 435 2329 ciusdem
469 2297 722 2340 congregationis
753 2297 990 2330 constitutiones
1020 2308 1036 2329 a

296 2348 394 2381 felicis
423 2349 650 2382 recordationis
682 2350 838 2383 Clemente
864 2350 945 2394 Papa
972 2350 1034 2383 Vlll

296 2402 539 2445 praedecessore
562 2408 670 2437 nostro
695 2402 894 2436 confirmatas
913 2414 973 2436 una
991 2414 1037 2437 re-

296 2455 418 2499 peritur
453 2456 570 2490 tenoris
605 2457 784 2501 sequentis,
810 2456 972 2491 videlicet:

335 2574 344 2599 1
364 2572 400 2600 Ex
417 2572 523 2608 Regest.
541 2572 566 2600 in
582 2572 683 2601 Secret.
700 2572 775 2601 Brev.

1738 155 1780 188 43

1120 225 1133 244 ‹<
1154 213 1189 246 Ut
1205 218 1309 246 autem
1328 214 1486 247 honorum
1505 218 1534 246 et
1555 213 1741 255 dignitatum
1761 223 1812 245 cu-

1072 265 1202 308 pidiiati,
1217 268 1365 310 omnique
1380 267 1554 305 ambitioni,
1571 272 1722 310 quantum
1742 265 1810 298 lieri

1071 324 1182 361 potest,
1203 320 1385 352 obstruatur
1409 320 1520 359 adssus,
1541 319 1751 355 decernimus,
1777 324 1810 350 ut

1071 372 1175 415 siquis
1190 373 1362 416 superioris
1377 373 1640 415 congregationis,
1653 378 1704 405 aut
1718 372 1811 403 aliam

1071 436 1303 470 quamcumque
1327 426 1510 468 dignitatem
1537 425 1811 468 congregationis,

1071 485 1122 511 aut
1136 480 1227 511 aliam
1247 481 1390 523 quamvis
1407 486 1566 512 externam
1585 480 1740 518 ambierit,
1759 484 1812 511 aut

1073 531 1119 563 ut¹
1146 543 1181 564 ea
1202 532 1408 564 demandetur
1429 533 1516 565 alteri
1543 533 1640 564 cuivis
1665 538 1812 565 conatum

1071 585 1259 624 adhibuerit,
1275 586 1299 617 is
1313 587 1411 618 activa
1427 592 1454 618 et
1475 586 1594 629 passira
1611 596 1685 618 voce
1701 587 1729 617 in
1747 596 1813 628 per-

1073 645 1199 681 petuum
1223 645 1337 675 careat,
1357 640 1401 671 vel
1428 640 1520 671 etiam
1547 638 1686 682 graviori
1713 641 1814 682 poena

1072 693 1230 736 puniatur,
1245 693 1376 725 arbitrio
1394 693 1519 736 capituli
1539 694 1703 734 generalis.
1725 692 1813 731 Quod

1072 746 1094 777 si
1121 746 1191 789 quis
1216 747 1351 789 aliquem
1378 747 1404 778 ei
1433 746 1475 778 rei
1503 746 1578 777 dare
1603 756 1732 788 operam
1760 756 1813 779 co·

1071 800 1224 840 gnorerit,
1243 800 1302 832 nisi
1323 800 1556 843 quamprimum
1578 799 1697 832 deserat
1714 799 1750 831 ad
1769 810 1815 832 ea-

1072 853 1159 895 pituli
1186 854 1343 895 generalis
1367 853 1555 897 praesidem,
1581 853 1690 885 eadem
1712 855 1814 896 poena

1072 912 1215 939 teneatur
1241 918 1269 938 i).

1116 961 1131 1003 ξ
1155 960 1185 992 9.
1204 960 1278 993 Cum
1298 966 1413 1001 autem⁷
1435 962 1514 994 sicut
1532 960 1640 993 cadem
1660 960 1814 1004 expositio

1071 1013 1290 1055 subinngebat,
1308 1014 1448 1046 nonnulli
1469 1014 1613 1046 monachi
1631 1013 1731 1046 dictae
1744 1024 1816 1046 con-

1071 1068 1263 1110 gregationis
1289 1069 1492 1112 professionis
1510 1069 1664 1111 regularis
1690 1079 1745 1112 per
1763 1079 1815 1101 eos

1072 1122 1205 1154 emissae
1220 1123 1423 1155 immemores
1439 1123 1589 1155 beneficia
1605 1123 1816 1155 ecclesiastica

1072 1176 1164 1208 etiam
1190 1187 1297 1208 curam
1325 1177 1501 1209 animarum
1527 1187 1679 1208 annexam
1701 1176 1817 1208 liaben-

1073 1229 1113 1261 tia
1133 1235 1220 1262 extra
1245 1231 1416 1273 praefatam
1450 1230 1727 1273 congregationem
1753 1239 1817 1262 non

1072 1283 1137 1316 sine
1162 1284 1356 1327 praeiudicio
1383 1295 1492 1317 eorum
1511 1285 1688 1316 animarum
1707 1290 1817 1316 contra

1072 1337 1305 1370 constitutionis
1337 1338 1549 1380 praeinsertae
1578 1338 1817 1381 dispositionem

1072 1390 1208 1422 conferri
1229 1390 1287 1422 sibi
1312 1396 1502 1434 procurent,
1527 1393 1626 1434 eaque
1651 1391 1815 1424 occasione

1072 1443 1268 1486 disciplinam
1295 1444 1473 1486 regularem
1499 1445 1651 1485 relaxare,
1670 1444 1817 1477 carnibus

1072 1497 1177 1537 vesci,
1205 1497 1327 1541 aliaque
1359 1497 1535 1540 incongrua
1571 1503 1680 1530 contra
1705 1508 1816 1530 eorum

1073 1551 1215 1592 regulam
1241 1551 1441 1584 committere
1466 1562 1537 1584 cum
1556 1552 1753 1595 reliquorum
1771 1550 1816 1583 di-

1073 1608 1140 1635 ctae
1174 1604 1428 1646 congregationis
1460 1605 1689 1637 monachorum
1721 1614 1813 1637 scan—

1073 1656 1143 1689 dalo
1157 1661 1187 1689 et
1204 1657 1393 1689 secularium
1414 1668 1623 1700 personarum
1642 1657 1816 1690 offensione

1073 1719 1135 1742 non
1152 1715 1330 1750 rei-cantum
1345 1710 1436 1743 nobis
1456 1716 1625 1754 propterea
1644 1710 1726 1743 idem
1745 1720 1817 1754 pro-

1073 1768 1200 1795 curator
1225 1764 1381 1805 generalis
1406 1764 1568 1797 humiliter
1585 1765 1759 1808 supplicari
1776 1765 1816 1797 se-

1072 1815 1122 1856 cit‚
1145 1819 1177 1849 ut
1199 1815 1231 1848 in
1255 1817 1438 1859 praemissis
1463 1824 1652 1861 opportune,
1672 1823 1706 1850 ut
1724 1818 1814 1858 iufra,

1072 1868 1238 1911 providere
1267 1870 1305 1903 de
1341 1870 1534 1913 benignitate
1569 1871 1741 1915 apostolica
1769 1871 1816 1904 di-

1072 1932 1253 1964 gnaremur.

1117 1976 1131 2019 ἓ
1155 1975 1184 2008 3.
1210 1977 1272 2010 Nos
1296 1976 1403 2019 igitur,
1429 1977 1546 2010 dictum
1572 1983 1813 2022 procuratorem

1054 2042 1055 2049 ¹
1072 2030 1251 2072 generalem
1278 2030 1466 2073 specialibus
1483 2031 1642 2064 favoribus
1660 2036 1689 2065 et
1705 2032 1814 2074 gratiis

1072 2084 1220 2127 prosequi
1246 2085 1394 2127 volentes,
1416 2089 1444 2118 et
1464 2096 1481 2117 a
1506 2086 1669 2129 quibusvis
1693 2096 1816 2118 excom-

1074 2136 1315 2177 municationis,
1345 2138 1559 2181 suspensionis
1584 2142 1613 2172 et
1637 2138 1815 2178 interdicti,

1072 2190 1202 2233 aliisque
1227 2191 1446 2224 ecclesiasticis
1471 2192 1649 2233 sententiis,
1674 2192 1816 2226 censuris

1072 2248 1101 2276 et
1125 2244 1245 2287 poenis,
1263 2256 1279 2277 a
1305 2245 1371 2278 iure
1398 2245 1445 2278 vel
1471 2245 1508 2278 ab
1534 2246 1678 2286 homine,
1707 2246 1816 2289 quavis

1072 2297 1247 2338 occasione,
1269 2299 1315 2331 rel
1341 2301 1437 2331 causa
1462 2299 1543 2339 latis,
1562 2299 1717 2342 siquibus
1741 2309 1818 2342 quo-

1073 2351 1244 2384 modolibet
1268 2352 1434 2385 innodatus
1459 2353 1581 2392 existit,
1606 2352 1643 2385 ad
1669 2352 1815 2385 effectum

1071 2405 1284 2448 praesentium
1302 2406 1463 2439 dumtaxat
1483 2406 1750 2449 consequendum,
1764 2407 1816 2439 ha-

1072 2469 1143 2491 rum
1169 2459 1249 2492 serie
1270 2459 1466 2494 absolventes
1492 2465 1519 2493 ct
1545 2460 1722 2494 absolutum
1748 2460 1815 2493 sore

1110 2576 1118 2601 1
1142 2575 1208 2602 Male
1224 2575 1286 2602 edit.
1304 2575 1384 2602 Main.
1402 2575 1465 2611 tegit
1481 2578 1506 2604 et
1523 2584 1572 2611 pro
1589 2579 1619 2604 ut
1634 2576 1672 2610 (n.
1690 2576 1740 2610 Τ.).

1827 165 1875 191 An.
1897 164 1925 190 C.
1944 164 2010 192 1655

1856 972 1995 999 Supplicatto.

1844 1985 1956 2005 Confirmat
1965 1991 2015 2006 con-

1829 2014 1967 2034 stitutfoucxu.
