2243 3205
235 204 283 230 An.
301 204 329 230 C.
352 202 418 230 1659

296 1383 409 1406 Confirmat

224 1410 327 1432 Pontifex.

226 2368 229 2372 Α
256 2369 259 2371 ¹
296 2340 406 2363 Decretum

225 2370 317 2390 irritans.

465 194 528 228 516

435 261 451 283 a
475 255 585 294 sponte
617 249 763 284 dantibus
787 250 871 284 aliud
895 251 1066 296 quidquam
1091 252 1172 285 ultra

434 304 549 337 dictam
564 315 718 337 summam
740 304 798 337 sub
823 306 978 351 expressis
1001 305 1111 350 poenis
1128 316 1172 338 rc-

435 358 541 401 cipere
558 357 679 390 audeat.
697 357 742 390 Ad
760 368 803 400 111,
825 358 909 402 quod
933 364 1097 392 serventur
1121 369 1172 402 pa-

434 410 510 443 riter
535 410 656 444 litterae
682 411 712 443 in
740 411 841 444 forma
873 411 980 445 Brevis
1011 417 1171 444 emanatae

432 463 471 495 de
506 474 587 496 anno
619 474 737 498 nnchi
770 474 787 496 a
817 465 916 498 felicis
944 465 1171 499 recordationis

433 516 559 549 Urbano
584 517 664 559 Vlll,
699 517 737 550 de
761 528 842 551 anno
872 528 1010 552 ninchw
1036 528 1053 550 a
1078 517 1170 550 simili

432 570 586 603 memoria
611 570 781 605 Innocentii
807 572 848 612 X,
873 572 904 604 in
930 572 966 605 iis
990 582 1070 615 quae
1095 581 1170 604 con-

431 628 565 656 cernunt
596 623 837 667 appellationem
864 635 918 658 seu
943 635 1107 658 recursum
1132 624 1169 656 ad

431 676 655 710 definitorium.
674 677 710 710 Et
726 677 764 710 ad
781 687 823 719 1v,
841 678 935 722 quod,
953 677 1077 722 quando
1096 688 1170 721 pro-

431 729 570 763 vincialis
601 731 721 764 crimen
754 731 936 772 commisit,
968 742 1003 764 ex
1034 741 1097 774 quo
1132 731 1170 763 de

429 783 497 817 iure
521 784 726 829 deponendus
758 786 805 818 vel
830 785 1002 829 privandus
1028 785 1169 825 venerit,

428 837 536 871 itidem
561 838 797 882 procedendum
817 849 883 871 esse
908 839 939 871 in
964 838 1088 871 casibus
1106 843 1166 870 tam

428 890 466 923 de
491 891 558 924 iure
584 892 721 932 comuni,
741 902 835 935 quam
861 891 899 924 de
925 891 992 925 iure
1017 891 1168 925 constitu-

428 944 548 977 tionum
567 944 666 978 diclae
680 945 911 978 reformationis
927 944 1026 978 dictae
1041 945 1167 989 provin-

428 997 493 1030 ciae
517 998 569 1031 del
596 998 725 1032 Tardon
750 1009 767 1031 a
792 1000 897 1032 sancta
932 998 1011 1032 Sede
1035 999 1166 1042 Aposto-

427 1051 487 1083 lica
523 1051 726 1084 confirmatis.
758 1052 802 1085 Ac
837 1052 970 1095 proinde
1006 1052 1047 1084 ita
1083 1052 1165 1085 circa

426 1104 601 1147 praemissa
618 1105 656 1138 de
678 1110 783 1139 cetero
801 1105 983 1139 omnimode
1007 1105 1118 1149 exequi
1137 1111 1166 1138 et

425 1157 598 1201 respective
623 1158 783 1191 observari
809 1158 935 1191 mandat
959 1164 989 1192 et
1013 1159 1166 1202 praecipit

426 1212 591 1245 contrariis
605 1212 858 1256 quibuscumque
877 1222 940 1245 non
957 1212 1162 1246 obstantibus.

470 1265 587 1299 Romae
612 1276 666 1300 x1v
691 1265 842 1299 februarii
867 1275 994 1299 mucmx.

564 1319 566 1321 ’
651 1318 688 1351 M.
713 1318 879 1352 cardinalis
903 1318 1063 1352 GrNETTUS
1090 1331 1118 1351 ›.

468 1372 483 1415 ξ
507 1371 537 1404 9.
562 1372 638 1406 Cum
663 1375 777 1413 autem,
795 1372 875 1405 sicut
899 1371 1000 1405 dictus
1025 1372 1164 1405 Francis-

424 1437 478 1460 cus
525 1431 715 1470 procurator
754 1426 910 1469 generalis
942 1425 1034 1459 nobis
1064 1436 1164 1469 nuper

424 1480 535 1524 exponi
549 1479 706 1523 secit,ipse
723 1479 882 1513 decretum
896 1479 1089 1521 huiusmodi,
1105 1490 1163 1522 pro

423 1533 556 1566 firmiori
572 1532 656 1566 illius
673 1532 874 1565 subsistentia
890 1537 919 1564 et
936 1531 1163 1573 observatione,

422 1586 611 1630 apostolieae
636 1585 884 1618 confirmationis
909 1589 1035 1619 nostrae
1058 1591 1164 1629 patro-

423 1639 506 1672 cinio
539 1638 729 1672 communiri
763 1648 965 1681 summopere
989 1638 1162 1671 desideret:

422 1704 489 1736 nos,
516 1692 617 1736 ipsum
637 1691 839 1725 Franciscum
857 1691 1048 1735 specialibus
1072 1693 1160 1725 savo-

423 1746 511 1779 ribus
543 1751 574 1780 et
605 1746 713 1790 gratiis
745 1745 895 1789 prosequi
920 1746 1068 1786 volentes,
1093 1751 1123 1778 et
1147 1756 1164 1778 a

423 1800 585 1844 quibusvis
599 1799 944 1840 excommunicationis,
964 1803 1033 1840 etc.‚
1049 1799 1163 1832 harum

422 1854 503 1887 serie
528 1853 724 1887 absolventes
749 1858 779 1885 et
802 1852 979 1886 absolutum
1005 1852 1071 1885 sore
1096 1862 1164 1885 cen-

422 1913 536 1948 sentes,
554 1906 837 1951 supplicationibus
849 1906 916 1939 eius
929 1905 1056 1938 nomine
1073 1905 1163 1938 nobis

422 1971 519 2005 super
543 1961 604 1994 hoc
635 1959 798 1992 humiliter
823 1959 979 2003 porrectis
1003 1958 1161 2001 inclinati,

422 2014 585 2047 decretum
611 2013 859 2058 praeinsertum,
883 2012 1069 2045 auctoritate
1093 2023 1164 2056 apo-

422 2068 542 2110 stolica,
566 2073 674 2101 tenore
693 2066 918 2111 praesentium,
936 2066 1162 2099 confirmamus

421 2127 452 2155 et
475 2122 703 2165 approbamus,
734 2120 843 2165 illique
867 2119 1056 2153 inviolabilis
1081 2130 1159 2164 apo-

421 2175 550 2208 stolicae
573 2174 731 2208 firmitatis
755 2174 854 2207 robur
877 2174 1052 2217 adiicimus,
1077 2174 1162 2207 salva

421 2239 548 2273 semper
565 2228 596 2261 in
615 2227 795 2272 praemissis
819 2228 1004 2261 auctoritate
1029 2237 1162 2271 congre-

422 2282 557 2325 gationis
581 2286 831 2315 memoratorum
856 2281 1072 2314 cardinalium.

467 2335 481 2378 ἓ
496 2334 547 2368 10.
558 2335 766 2368 Decernentes
779 2333 902 2367 easdem
915 2339 1097 2378 praesentes
1112 2333 1160 2366 lit-

423 2394 505 2421 teras
530 2399 655 2432 semper
679 2389 806 2431 firmas,
832 2393 890 2422 etc.
906 2415 913 2429 ,
938 2387 1161 2421 inviolabiliter

423 2442 601 2483 observari,
625 2442 733 2485 sicque
749 2442 780 2474 in
799 2441 981 2486 praemissis
1001 2451 1058 2485 per
1075 2451 1157 2484 quo-

423 2506 574 2539 scumque
598 2496 716 2529 iudices
735 2495 922 2538 ordinarios,
941 2500 1010 2536 etc.‚
1035 2494 1158 2527 definiri

1019 204 1196 228 BULLAmuM
1224 204 1376 228 Romnum

1249 252 1264 295 g
1288 251 1339 284 41.
1365 251 1433 284 Non
1458 250 1653 284 obstantibus
1681 252 1882 296 praemissis,
1907 262 1943 286 ac
1979 266 2094 289 Contrariis
2104 268 2139 290 ‹10-

1204 303 1479 338 constitutionibus
1503 309 1532 337 et
1553 304 1802 338 ordinationibus
1819 309 1943 349 aposto·
1958 299 1980 314 '⁰
1997 296 2025 315 ‘⁸'

1204 357 1281 397 licis,
1306 367 1438 397 necnon,
1459 360 1613 400 quatenus
1630 367 1708 400 opus
1729 357 1778 400 sit,
1804 368 1941 401 congre-

1204 410 1337 453 gationis
1366 420 1420 442 seu
1445 410 1626 453 provinciae
1645 415 1676 443 et
1691 410 1817 444 Ordinis
1834 410 1943 444 huius-

1205 463 1303 504 modi,
1314 463 1405 497 etiam
1425 464 1611 504 iuramento,
1622 467 1689 504 etc.‚
1703 464 1734 496 in
1748 463 1943 497 contrarium

1204 517 1451 559 praemissorum
1490 516 1728 559 quomodolibet
1766 516 1922 550 concessis
1935 543 1943 559 ,

1204 569 1397 602 confirmatis
1421 574 1451 602 et
1475 569 1644 609 innovatis;
1659 569 1773 614 quibus
1798 569 1944 602 omnibus

1204 626 1233 656 et
1255 623 1396 665 singulis,
1422 623 1548 656 illorum
1574 628 1698 657 tenores
1714 623 1942 667 praesentibus,

1204 682 1272 716 etc.‚
1289 676 1348 710 hac
1372 676 1438 709 vice
1462 676 1622 709 dumtaxat
1646 677 1823 721 specialiter
1840 682 1870 710 et
1887 687 1942 710 ex-

1203 739 1311 772 presse
1335 728 1542 772 derogamus;
1568 729 1745 774 ceterisque
1775 729 1942 763 contrariis

1202 781 1465 825 quibuscumque.

1246 835 1260 878 g
1296 835 1347 867 12.
1380 835 1530 869 Volumus
1554 840 1676 877 autem,
1700 841 1734 869 ut
1757 835 1954 869 earumdemv

1200 888 1412 930 praesentium
1439 889 1653 932 transumptis,
1679 899 1783 932 manu,
1802 893 1871 931 etc.‚
1892 898 1942 921 ea-

1200 940 1270 973 dem
1296 952 1428 985 prorsus
1452 941 1529 974 fides
1547 942 1578 974 in
1595 942 1711 976 iudicio
1731 947 1761 976 et
1785 948 1872 976 extra
1891 941 1941 975 ad-

1200 993 1354 1036 hibeatur,
1375 1005 1455 1039 quae
1473 996 1689 1039 praesentibus
1714 996 1789 1040 ipsis
1809 995 1940 1029 adhibe-

1200 1053 1296 1090 retur,
1315 1049 1339 1081 si
1357 1049 1459 1082 forent
1476 1049 1634 1083 exhibitae
1651 1050 1698 1083 vel
1715 1055 1867 1084 ostensae.

1244 1101 1353 1134 Datum
1374 1103 1506 1144 Romae,
1531 1103 1613 1146 apud
1641 1103 1670 1137 S.
1695 1103 1824 1136 Mariam
1842 1103 1938 1137 Maio-

1200 1165 1276 1196 rem,
1293 1155 1352 1187 sub
1370 1156 1486 1189 annulo
1507 1156 1684 1198 Piscatoris,
1697 1157 1747 1190 die
1762 1167 1803 1190 x11
1815 1167 1940 1190 novem-

1198 1207 1262 1241 bris
1279 1219 1409 1249 nncmx,
1430 1209 1632 1253 pontificatus
1649 1210 1748 1244 nostri
1765 1220 1847 1244 anno
1864 1220 1893 1243 v.

1234 1271 1289 1298 llat.
1312 1272 1355 1298 die
1371 1271 1404 1298 12
1425 1271 1579 1299 novembris
1601 1272 1678 1307 1659,
1701 1272 1796 1307 pontis.
1819 1280 1891 1299 anno
1910 1279 1937 1299 v.

1488 1414 1635 1448 CCLxlx.

1196 1495 1345 1528 Decernit
1370 1494 1533 1538 quaedam
1556 1498 1681 1528 statuta
1706 1493 1840 1528 Ordinis
1862 1496 1935 1539 sra-

1241 1552 1328 1582 {rum
1352 1548 1520 1581 Minornm
1550 1548 1582 1581 S.
1610 1548 1781 1581 Francisci
1810 1548 1848 1582 de
1877 1548 1938 1583 Ob-

1240 1601 1405 1634 servantid
1428 1601 1515 1633 circa
1537 1600 1721 1634 electionem
1740 1601 1939 1644 quardiano-

1239 1665 1312 1687 rum
1322 1655 1454 1687 omnino
1464 1653 1660 1687 observanda
1670 1664 1744 1695 esse,
1755 1665 1792 1687 ac
1800 1653 1938 1698 proinde

1241 1718 1348 1741 omncs
1365 1707 1540 1748 electiones,
1557 1718 1641 1751 quae
1654 1707 1691 1740 de
1704 1711 1803 1740 cetero
1816 1707 1853 1740 in
1864 1717 1940 1751 pro->

1241 1762 1351 1794 vincid
1374 1760 1572 1795 Granfatensi
1592 1759 1728 1794 Ordinis
1746 1760 1938 1793 huiusmodi

1240 1814 1317 1856 fient
1331 1820 1393 1848 tam
1407 1813 1665 1857 praesidentium
1679 1813 1714 1846 in
1723 1813 1937 1857 yuardianos,

1240 1879 1341 1912 qnam
1365 1868 1501 1900 illorum
1525 1868 1585 1911 qui
1609 1871 1684 1900 arne
1714 1866 1937 1911 conyreqatio-

1240 1931 1313 1953 nem
1334 1920 1571 1964 provincialem
1588 1919 1817 1953 intermediam
1834 1930 1936 1963 quar-

1240 1974 1415 2007 dianorum
1439 1973 1547 2017 officia
1570 1972 1842 2015 renunciaverint,
1858 1973 1888 2006 si
1899 1974 1936 2007 in

1240 2037 1273 2060 eo
1289 2027 1428 2060 triennio
1444 2025 1652 2069 reeliyentur,
1670 2036 1734 2059 esse
1749 2025 1935 2068 cassandas,

1239 2079 1422 2113 irritandas
1446 2083 1475 2112 et
1499 2078 1755 2113 annullandas¹.

1390 2157 1559 2186 Alexander
1578 2158 1656 2192 Papa
1676 2158 1739 2192 vn,

1344 2204 1380 2231 ad
1399 2204 1533 2230 futuram
1547 2202 1591 2230 rei
1607 2203 1785 2230 memoriam.

1240 2276 1254 2320 5
1279 2275 1308 2308 l.
1333 2275 1416 2308 Alias
1439 2286 1498 2319 pro
1523 2279 1613 2318 parte
1636 2274 1824 2308 dilectorum
1852 2273 1934 2308 filio-

1194 2342 1264 2364 rum
1291 2335 1417 2375 patrum
1442 2329 1623 2373 provinciae
1652 2328 1852 2362 Granatensis
1876 2327 1935 2362 Or-

1194 2385 1275 2418 dinis
1288 2385 1443 2417 Minorum
1461 2382 1490 2416 S.
1505 2381 1663 2415 Francisci
1677 2381 1714 2414 de
1728 2381 1933 2416 observantia

1193 2442 1447 2482 nuncupatorum
1459 2435 1695 2479 congregationi
1705 2434 1933 2468 venerabilium

1192 2492 1324 2524 fratrum
1350 2495 1532 2524 nostrorum
1556 2489 1586 2522 S.
1611 2489 1645 2522 R.
1670 2488 1703 2522 E.
1725 2488 1933 2522 cardinalium

423 2548 549 2589 debere,
563 2559 598 2581 ac
622 2549 746 2582 irritum
764 2554 794 2583 et
806 2549 908 2591 inane,
927 2548 952 2582 si
976 2551 1158 2591 secuS,etc.,
1191 2545 1327 2589 negotiis
1351 2549 1381 2577 et
1405 2542 1685 2577 consultationibus
1706 2542 1932 2586 episcoporum

423 2601 589 2646 contigerit
612 2603 767 2636 attentari.

1229 2609 1240 2636 1
1258 2607 1296 2636 Ex
1310 2607 1417 2643 Regest.
1433 2607 1460 2634 in
1475 2606 1576 2634 secret.
1592 2604 1669 2633 Brev.

1961 205 2009 231 An.
2026 205 2054 232 C.
2073 205 2139 234 ¹659

2232 597 2237 610 Ι

1995 849 2138 876 Transumptin

1956 875 2014 896 credi
2030 876 2095 897 iubet.

1975 2282 2090 2311 Exposltlu.
