2185 3188
48 188 99 218 An.
118 187 148 216 C.
166 187 235 217 1655

75 303 119 328 sie.

841 184 1026 210 ALEXANDER
1050 184 1097 208 vn
1120 185 1169 208 1³1³.

1006 233 1009 246 l

246 233 318 269 tatis
330 238 526 276 attestamur,
540 234 675 278 qualiter
688 232 888 276 infrascripta
904 232 989 265 bulla
1005 250 1008 294 5

246 293 383 322 extracta
398 288 411 298 ⁶
426 286 525 321 fuere¹
543 297 580 320 ex
594 287 676 320 libro
691 287 849 320 bullarum
866 285 899 318 in
917 296 988 318 can·
1004 296 1007 358 ›

245 341 372 376 cellaria
387 343 495 374 nostra
516 344 710 382 conservato,
725 340 756 372 in
781 350 844 383 quo
868 339 987 372 similes

243 394 346 429 notari
366 399 397 428 et
412 393 578 437 registrari
603 394 721 433 solent;
742 403 836 436 quam
858 392 985 436 quidem
1002 389 1005 427 f

243 448 276 482 in
299 447 379 481 hanc
403 447 563 492 publicam
587 447 723 480 sormam
749 446 870 479 extrahi
892 451 921 478 et
936 429 1004 486 tei

242 501 307 545 digi
330 501 489 544 iussimus,
514 506 548 534 ut
571 500 697 544 ubique,
723 504 785 534 tarn
812 500 842 533 in
867 499 1002 539 iudicio¹

241 565 335 599 quam
360 560 469 596 extra,
494 554 597 588 eidem
621 555 714 598 plena
743 558 773 587 et
808 549 1002 601 indubitata}

240 608 318 642 fides
342 608 539 649 adhibeatur,
564 607 653 641 cuius
674 612 764 641 tenor
788 612 834 640 est
857 607 911 650 qui
935 607 1000 640 se-'

240 661 366 706 quitur,
390 661 552 694 videlicet:

283 714 392 749 Frater
428 714 559 748 Ioannes
595 713 710 747 Paulus
745 712 887 747 Lascaris
919 712 980 746 Ca-
998 721 999 752 ;

997 757 999 771 l

1004 366 1005 375 l

1003 378 1005 385 ι

239 767 368 808 stenar,
395 767 450 800 Dei
486 766 588 810 gratia
623 776 731 799 sacrae
768 766 882 799 domus
916 766 977 799 ho-

238 821 358 866 spitalis
382 821 480 855 sancti
505 821 629 855 loannis
648 820 927 865 Hierosolymitani
950 825 980 852 et

237 875 381 910 militaris
412 875 536 910 Ordinis
567 876 597 909 S.
627 875 796 919 Sepulchri
821 873 978 917 ,Domini-

238 927 266 962 ci
289 929 439 973 magister
466 928 616 970 humilis,
646 938 886 973 pauperumque
909 927 978 960 lesu

237 982 351 1017 Christi
383 987 505 1023 custos,
531 986 561 1016 et
578 992 636 1016 nos
665 987 837 1015 conventus
865 980 977 1014 domus

237 1035 387 1077 eiusdem,
411 1035 567 1069 universis
591 1041 621 1069 et
645 1036 777 1078 singulis
796 1040 977 1079 praesentes

235 1094 357 1124 nostras
381 1089 501 1123 litteras
525 1089 650 1130 visuris,
675 1089 803 1122 lecturis
828 1094 859 1122 et
882 1089 972 1121 audi-

235 1143 335 1184 turis,
364 1144 496 1177 salutem
528 1143 560 1176 in
590 1143 723 1177 Domino
749 1147 778 1177 et
805 1153 976 1187 prosperos

235 1197 274 1231 ad
298 1202 369 1232 vota
392 1208 565 1231 successus,
582 1198 730 1242 AEquum,
748 1203 842 1242 atque
863 1197 974 1230 rationi

235 1262 410 1286 consonum
435 1256 490 1292 est,
510 1256 544 1284 ut
561 1261 606 1292 ea,
624 1262 704 1295 quae
728 1262 784 1295 per
809 1251 975 1294 religiosos

234 1306 347 1339 fratres
371 1310 496 1339 nostros
520 1316 578 1349 pro
603 1316 713 1338 eorum
739 1305 864 1344 decore,
885 1305 972 1338 utili-
992 1320 993 1336 l

235 1363 298 1391 tate
321 1363 352 1391 et
375 1358 564 1400 commodo,
590 1368 626 1391 ac
657 1358 919 1391 commendarum
946 1362 993 1401 eti

236 1410 352 1443 iuriurn
384 1410 508 1445 Ordinis
540 1411 639 1444 nostri
669 1411 863 1444 incremento
895 1412 993 1446 sacta1

236 1473 303 1496 esse
327 1463 564 1506 dignoscuntur,
588 1465 819 1508 approbemus,
844 1465 992 1512 ramice-3

236 1527 306 1550 mus
323 1522 353 1550 et
370 1517 601 1560 confirmemus,
619 1523 652 1550 ut
669 1518 761 1561 quae²
773 1518 889 1551 illibata
906 1530 974 1563 per·
990 1533 992 1563 4

233 1574 403 1611 maneant,
440 1581 593 1614 suumque
626 1571 765 1605 debitum
802 1565 992 1616 sortiantur}

233 1622 389 1664 effectum,
409 1624 509 1656 nostri
535 1624 718 1657 muniminis
743 1624 907 1657 adiicimus
924 1626 991 1657 Γιν·1

231 1676 347 1710 mitate.
373 1675 452 1709 Sane
475 1681 699 1720 procuratores
727 1683 854 1710 nostrae
879 1689 991 1725 vene-3

231 1729 346 1763 randae
363 1729 489 1772 linguae
506 1730 687 1763 Provinciae
713 1731 792 1763 infra
822 1732 970 1765 insertam
988 1767 989 1770 ,

229 1783 327 1827 ipsius
344 1783 539 1816 venerandae
567 1784 692 1826 linguae
710 1784 969 1819 deliberationem

229 1846 324 1881 super
355 1836 634 1870 dismembratione
666 1843 696 1870 et
727 1839 843 1871 unione
868 1850 987 1872 mem-¹

228 1889 371 1932 brorum,
397 1889 564 1930 bonorum,
585 1901 620 1923 ac
640 1891 819 1924 reddituum
844 1903 862 1924 a
887 1894 970 1937 prio—

227 1946 297 1977 ratu
321 1948 430 1976 nostro
455 1943 483 1976 S.
508 1944 623 1987 AEgidii
648 1948 677 1978 et
701 1946 895 1980 commendis
921 1947 965 1979 di-

228 2001 295 2030 ctae
319 1996 444 2040 linguae
468 2007 526 2040 pro
551 1998 708 2031 erectione
725 2004 755 2031 et
772 1999 967 2033 institutione
984 2024 985 2042 2

228 2049 487 2084 commendarum
516 2061 570 2083 seu
592 2053 881 2096 praeceptoriarum
908 2066 966 2098 pro

227 2104 411 2137 cabimentis
443 2108 473 2138 et
505 2105 751 2139 melioramentis
776 2113 873 2140 status
897 2108 963 2140 sra-

226 2163 310 2192 trum
330 2157 476 2199 militum,
492 2158 530 2191 de
548 2160 707 2192 communi
722 2171 876 2194 consensu
889 2162 966 2195 eius·
983 2178 984 2193 1

226 2212 298 2246 dem
319 2212 512 2245 venerandae
538 2213 672 2256 linguae,
690 2215 815 2248 nemine
839 2215 984 2255 dissen-2

226 2265 332 2306 flente,
356 2265 488 2305 editam,
512 2266 603 2299 nobis
627 2267 789 2300 humiliter
815 2258 984 2302 exhibue-'

225 2324 309 2360 runt,
334 2319 440 2352 debita
465 2330 535 2353 cum
558 2320 703 2355 instantia
717 2328 858 2366 petentes
879 2324 962 2356 illam
981 2351 982 2354 ,

225 2373 418 2414 confirmari,
437 2374 604 2417 approbari
620 2380 649 2408 et
664 2376 811 2409 ratificari
827 2377 864 2409 ad
878 2388 963 2422 prae-
981 2395 982 2411 l

224 2426 376 2471 scripturn
402 2427 541 2460 eiusdem
566 2432 596 2462 et
619 2428 877 2472 deliberationis,
903 2442 962 2465 cu-

224 2479 273 2514 ius
293 2485 384 2513 tenor
407 2480 466 2513 suit
489 2486 519 2514 ct
543 2486 589 2514 est
613 2483 666 2526 qui
689 2484 851 2527 sequitur:

259 2552 271 2578 1
288 2550 444 2587 Legendum
459 2552 548 2587 suerit
564 2552 603 2579 vel
617 2553 674 2587 suit
688 2558 725 2586 (n.
741 2556 789 2588 τ.).

257 2594 275 2623 2
292 2595 385 2624 Potius
404 2596 462 2632 lege
482 2600 569 2633 utque
589 2601 625 2630 (a.
641 2598 688 2632 τ.).

305 2648 384 2678 Buta.
404 2649 488 2678 Rom.
508 2664 542 2670 —
566 2650 624 2680 Vol.
645 2650 722 2681 XVI.

866 2652 883 2681 3

1075 244 1087 264 α
1105 233 1180 265 L'an
1197 232 1253 265 mil
1274 232 1396 267 sixcens
1414 233 1582 278 cinquante
1598 239 1721 278 quatre,
1738 240 1770 268 et

1023 286 1051 319 le
1065 292 1182 319 ventun
1196 286 1272 330 jour
1287 287 1329 320 du
1347 288 1428 321 mois
1448 287 1487 320 de
1505 298 1585 332 may,
1597 298 1655 332 par
1670 298 1768 331 cange

1022 344 1052 372 et
1076 340 1194 373 licence
1224 340 1263 372 de
1292 340 1321 373 S.
1347 341 1380 373 E.
1406 341 1489 374 frere
1519 341 1596 374 Jean
1625 342 1700 374 Paul
1728 342 1767 376 de

1020 392 1163 426 Lascaris
1194 393 1362 433 Castellar,
1388 393 1481 436 digne
1512 394 1612 437 grand
1638 395 1766 429 maistre

1020 446 1057 479 de
1083 446 1206 480 l'Ordre
1232 446 1271 479 de
1299 446 1328 479 S.
1348 446 1419 479 Iean
1444 447 1481 479 de
1512 448 1711 481 Hierusalem
1734 453 1765 482 et

1018 500 1060 533 du
1078 500 1106 533 S.
1126 500 1299 544 Sepulchre
1323 500 1354 533 di
1378 501 1413 534 N.
1432 500 1460 533 S.
1482 501 1523 541 S„
1548 507 1594 534 est
1617 507 1710 535 tenue
1733 503 1764 536 la

1019 554 1187 588 venerable
1212 555 1326 597 langue
1350 554 1388 587 de
1406 555 1575 595 Provence,
1601 555 1763 599 president

1017 617 1055 640 en
1074 608 1113 640 ici
1134 608 1162 640 le
1184 608 1283 641 lll.rne
1304 608 1340 640 M.
1360 608 1388 640 le
1409 607 1510 650 grand
1535 609 1763 643 commandeur

1015 661 1099 694 si‘ere
1124 661 1218 694 Denis
1249 661 1287 694 de
1319 661 1480 694 Palastron
1504 661 1650 695 Lailliere
1674 673 1760 696 com-

1017 715 1170 748 mendeur
1190 715 1228 748 de
1249 715 1277 748 S.
1300 715 1383 748 Luce
1408 720 1438 747 et
1469 714 1507 747 de
1532 715 1561 747 la
1585 716 1760 758 cavallerie,

1014 768 1043 800 le
1067 769 1139 812 quel
1164 779 1222 813 par
1238 778 1300 801 une
1329 768 1425 802 bonte
1443 772 1473 801 et
1493 767 1671 811 generosite
1689 779 1760 803 sans

1014 822 1167 865 emmple,
1186 825 1216 856 et
1233 821 1271 854 de
1296 831 1354 855 son
1373 832 1492 865 propre
1512 826 1724 862 mouvement,
1741 834 1760 867 y

1013 879 1104 918 ayant
1116 873 1263 908 neusans¹
1278 885 1398 918 passer,
1411 874 1489 918 qu’il
1503 873 1580 907 tient
1596 874 1758 919 l’auberge

995 935 997 942 ’
1013 937 1087 961 avec
1111 928 1278 972 despence,
1297 939 1358 972 que
1379 928 1500 961 chacun
1524 927 1610 970 scuit,
1629 927 1758 972 presse¹

994 981 1050 1014 ⁴‘de
1086 981 1288 1025 compassion
1323 981 1361 1014 de
1392 981 1461 1014 voir
1491 981 1568 1025 qu'il
1602 993 1621 1026 y
1653 991 1671 1014 a
1702 981 1757 1015 des

994 1046 995 1066 ;
1012 1035 1254 1068 commendeurs
1274 1035 1351 1067 dans
1372 1035 1401 1067 la
1424 1044 1543 1067 mesine
1560 1035 1684 1077 langue,
1702 1035 1756 1079 qui

1011 1088 1028 1120 a
1052 1088 1221 1132 cinquante
1245 1088 1290 1121 six
1311 1098 1367 1121 ans
1391 1088 1421 1120 d’
1435 1087 1613 1121 antiennete
1630 1097 1670 1120 ne
1686 1092 1756 1121 sont

993 1146 994 1150 ’
1011 1152 1065 1185 pas
1078 1142 1300 1183 admeillemis,
1314 1148 1417 1187 etque
1433 1143 1477 1175 les
1491 1142 1664 1175 chevaliers
1680 1146 1755 1176 vont

1010 1196 1027 1227 a
1052 1197 1321 1241 quarantecinque
1345 1207 1401 1229 ans
1422 1196 1644 1236 d'antiennete,
1671 1205 1754 1239 pour

1010 1250 1147 1293 prendre
1165 1251 1194 1283 le
1211 1251 1281 1294 plus
1299 1256 1430 1284 souvent
1443 1260 1505 1283 une
1522 1250 1657 1283 chettive
1671 1259 1753 1282 com-

1011 1304 1171 1337 menderie
1195 1305 1234 1337 de
1259 1305 1497 1344 chevissement‚
1522 1314 1540 1336 a
1564 1304 1627 1336 tres
1652 1303 1751 1336 hum-

1010 1357 1148 1390 blement
1165 1359 1289 1402 supplie
1306 1358 1368 1391 Son
1387 1358 1554 1391 Eminence
1568 1358 1606 1390 de
1624 1362 1752 1391 trouver

1009 1411 1070 1444 bon
1091 1413 1187 1455 qu'on
1205 1413 1316 1456 praine
1337 1413 1381 1445 les
1399 1422 1528 1456 movens
1550 1411 1588 1444 de
1601 1411 1753 1445 desmem-

991 1461 1081 1498 'brer
1113 1466 1142 1498 le
1174 1466 1300 1509 prieure
1325 1466 1363 1499 de
1388 1466 1416 1499 S.
1443 1466 1537 1499 Gilles
1560 1476 1618 1509 par
1642 1466 1751 1499 dessus

991 1514 992 1523 ¹
1009 1519 1036 1550 16
1060 1518 1231 1562 precedent
1251 1520 1548 1560 desmembrement‚
1570 1520 1623 1563 qui
1648 1530 1665 1552 a
1685 1520 1751 1553 este

1008 1572 1070 1611 suit,
1084 1572 1124 1604 de
1141 1573 1220 1605 neus
1232 1574 1316 1606 mille
1335 1573 1429 1606 livres
1445 1574 1483 1606 de
1501 1578 1589 1606 rente
1606 1584 1644 1606 en
1662 1573 1750 1607 hiens

990 1618 1099 1665 ἶΓοῐιῑε,
1120 1636 1202 1668 pour
1227 1636 1265 1659 en
1291 1627 1368 1659 faire
1393 1627 1474 1659 deux
1499 1627 1750 1660 commenderies

1007 1688 1046 1710 au
1070 1679 1165 1722 profit
1182 1684 1212 1712 et
1231 1686 1383 1722 avantage
1403 1680 1457 1713 des
1473 1691 1609 1723 pauvres
1636 1681 1749 1713 cheva-

1008 1732 1091 1773 liers,
1116 1733 1168 1776 qui
1194 1738 1249 1766 ont
1275 1733 1403 1766 attcndu
1428 1734 1452 1766 si
1479 1734 1553 1777 long
1574 1739 1692 1778 temps;
1719 1739 1749 1768 et

1005 1797 1087 1830 quoy
1107 1787 1182 1829 qu’il
1209 1798 1264 1831 aye
1282 1788 1310 1820 le
1330 1788 1484 1831 principal
1509 1789 1639 1821 interest
1655 1799 1693 1821 en
1713 1799 1749 1823 ce

1004 1840 1309 1880 desmembrement,
1342 1841 1362 1873 il
1394 1852 1553 1884 appi-euve
1585 1846 1615 1875 et
1645 1843 1748 1877 desire

1003 1893 1041 1925 de
1065 1898 1133 1925 tout
1157 1904 1215 1926 son
1240 1904 1346 1933 coeur,
1367 1895 1444 1937 qu’il
1469 1895 1529 1927 soit
1561 1896 1699 1938 emente,
1717 1901 1748 1930 et

1003 1946 1107 1989 quand
1125 1947 1145 1979 il
1164 1947 1261 1980 seroit
1278 1958 1317 1980 en
1342 1948 1371 1980 la
1396 1948 1492 1981 reellc
1515 1948 1688 1982 iovissance
1704 1949 1747 1983 du

1002 2000 1046 2032 dit
1076 2000 1177 2043 grand
1209 2001 1337 2044 prieure
1365 2001 1385 2033 il
1414 2012 1451 2034 en
1480 2002 1585 2034 sairoit
1613 2007 1680 2035 tout
1707 2002 1746 2036 de

984 2047 1142 2095 lmesme,
1174 2060 1267 2098 ayant
1298 2055 1464 2099 beaucoup
1496 2056 1566 2099 plus
1600 2056 1746 2090 d'estime

984 2129 985 2162 ἐ
1001 2119 1083 2151 pour
1106 2109 1134 2141 le
1158 2108 1299 2141 benefice
1316 2108 1431 2152 public,
1449 2120 1510 2153 que
1531 2120 1612 2153 pour
1628 2110 1657 2142 le
1678 2110 1744 2144 sien

1002 2173 1125 2206 propre.
1152 2162 1214 2195 Son
1241 2162 1409 2195 Eminence
1433 2173 1451 2195 a
1475 2163 1557 2196 donc
1585 2164 1740 2207 benigne-

1001 2221 1086 2249 ment
1109 2216 1213 2249 donne
1239 2216 1283 2248 les
1308 2216 1409 2248 mains
1429 2217 1446 2248 ἐι
1466 2227 1511 2257 ce,
1532 2227 1592 2261 que
1617 2228 1650 2250 se
1674 2229 1745 2262 pro-

982 2267 1051 2311 'gct
1074 2270 1155 2302 feust
1179 2270 1284 2314 suivy‚
1314 2276 1344 2302 et
1374 2270 1507 2314 permit,
1539 2272 1634 2315 qu’on
1667 2272 1744 2305 tient

999 2325 1112 2367 langue
1136 2334 1217 2367 pour
1242 2323 1399 2357 dclibcrer
1424 2324 1478 2357 des
1502 2335 1596 2369 voycs
1620 2328 1650 2359 et
1674 2337 1742 2360 mo-

999 2388 1072 2422 vens
1097 2378 1142 2410 les
1167 2378 1237 2421 plus
1257 2378 1411 2411 certaines
1430 2389 1511 2422 pour
1529 2379 1556 2411 le
1574 2379 1651 2413 faire
1667 2380 1741 2415 bien

980 2431 1127 2469 'reussir‚
1153 2441 1187 2463 ce
1217 2430 1270 2474 qui
1296 2442 1313 2463 a
1339 2431 1403 2463 este
1429 2432 1578 2473 ext-cute,
1604 2438 1634 2466 et
1657 2444 1696 2467 en
1720 2433 1742 2467 i-

998 2486 1075 2519 celle
1092 2484 1261 2517 venerable
1283 2485 1397 2527 langue
1417 2495 1449 2518 se
1467 2491 1536 2519 sont
1558 2487 1642 2521 levez
1662 2499 1740 2522 mes-

1034 2557 1045 2583 1
1063 2556 1175 2582 Textum
1191 2555 1344 2588 referimus,
1361 2560 1441 2591 prout
1455 2560 1495 2584 est
1509 2558 1549 2593 (n.
1566 2560 1613 2591 T.).

1034 2602 1050 2628 2
1066 2601 1159 2628 Potius
1174 2600 1234 2636 lege
1246 2600 1340 2636 presse¹
1355 2603 1392 2637 (R.
1404 2602 1452 2637 2).

1694 176 1736 210 17
1784 186 1880 213 An.G.
1921 186 1969 216 ¹65
