2243 3205
912 161 1009 185 naim
1036 160 1140 184 ararat
1687 149 1750 184 805

257 213 336 248 Oddi
362 214 490 258 (lulius)
514 214 686 258 inquisitor
711 213 887 255 Melitanus,
910 213 975 246 296
1000 225 1027 245 a.
1075 251 1083 258 ι

257 267 423 301 Odoardus
448 268 682 302 Vecchiarellus
707 267 814 311 palatii
839 267 1005 311 apostolici
1030 266 1170 306 auditor,
1196 266 1261 300 502
1285 278 1318 300 ιι.

256 320 342 354 Oliva
367 321 484 355 Paulus
508 322 577 354 vide
602 321 719 354 Paulus
745 321 844 354 Oliva.
1121 343 1124 347 ·

253 374 414 408 Olivetana
439 375 658 418 Congregatio.
689 373 880 408 Constitutio
905 384 1000 418 super
1024 373 1134 406 habitu
1161 373 1338 416 praelatitio
1364 374 1403 406 ab
1428 373 1597 407 abbatibus
1632 373 1789 416 generali-

344 428 404 463 bus
429 429 613 470 deferendo,
639 428 703 462 623
728 428 761 469 b;

255 481 391 515 Oratorii
417 482 454 515 D.
481 482 516 515 N.
544 482 568 514 I.
597 481 627 514 C.
653 481 859 524 congregatio
884 481 916 514 in
942 481 1043 515 Gallia
1066 480 1137 513 victe
1161 480 1380 524 Congregatio.

254 533 478 568 Ordinationes
503 535 535 567 in
560 535 689 578 negotio
715 534 888 568 decanatus
914 534 1181 577 metropolitanae
1207 533 1360 566 ecclcsiae
1386 534 1580 571 Bisuntinae,
1609 533 1672 567 6026
1697 534 1723 566 b.

253 587 337 621 Ordo
361 587 472 621 beatae
498 588 613 621 Mariae
638 588 675 621 de
696 588 840 622 Mercede
859 587 1100 631 Redemptionis
1126 587 1338 630 Captivorum.
1367 587 1491 620 Fratres
1510 587 1632 620 vocales
1650 587 1725 620 dicti
1743 587 1797 620 Or-

341 639 427 672 dinis
445 639 627 683 provinciae
653 640 809 673 Franciae
835 641 904 673 solo
931 641 1115 674 testimonio
1140 640 1288 682 originali
1321 641 1449 684 capituli
1481 652 1558 674 suae
1588 641 1750 674 electionis
1780 652 1797 673 a

346 693 448 726 tribus
465 693 599 726 notariis
624 693 790 736 legalizato
816 693 942 727 admitti
971 694 1108 728 debcant
1134 695 1172 726 acl
1198 695 1348 737 generale
1372 695 1559 737 capitulum,
1583 694 1623 726 027
1650 705 1686 735 α;
1711 694 1796 738 prius

343 746 568 794 requirebatur
592 747 813 780 testimonium
838 747 948 781 nuncii
976 749 1142 788 Franciae,
1170 747 1247 779 ibid.
1274 747 1512 780 Confirmantur
1536 747 1699 791 privilegia
1724 747 1797 781 huic

345 798 455 833 Ordini
489 800 566 833 alias
600 811 770 840 concessa,
797 800 856 833 241
893 812 932 842 α;
967 802 1148 844 superiores
1181 800 1213 833 in
1248 801 1796 844 congregationeDiscalceatorum

343 853 486 887 eiusdem
511 854 640 888 Ordinis
665 854 704 887 ad
730 854 902 888 triennium
929 861 1052 888 tantum
1077 854 1337 894 constituuntur⁷
1370 853 1434 886 25⁵2
1459 854 1483 888 h
1508 860 1538 887 et
1563 866 1640 898 seq.·,
1669 855 1797 888 electio-

343 918 400 942 nes
435 908 481 941 vel
506 908 770 942 confirmationes
794 909 856 941 iam
882 910 983 943 sactae
1009 908 1040 941 in
1066 909 1148 942 bona
1183 907 1244 941 side
1277 908 1474 949 mudantur,
1507 907 1570 941 31ss
1595 919 1633 947 (13
1664 912 1798 951 possunt

344 967 450 994 tamen
469 962 654 995 confirmari
676 962 706 994 in
727 973 838 995 eorum
857 962 972 996 officiis
996 961 1035 995 ad
1061 973 1161 995 unum
1188 961 1276 995 aliud
1303 961 1475 995 triennium
1498 962 1671 1001 dumtaxat,
1688 960 1751 994 316
1767 961 1797 1002 b;

343 1015 414 1047 vide
438 1015 471 1047 B.
500 1014 615 1048 Mariae
640 1015 679 1048 de
703 1015 846 1049 Mercede
872 1015 1105 1060 redemptionis
1133 1015 1342 1058 captivorum.

254 1066 338 1101 Ordo
362 1067 414 1101 SS.
443 1068 607 1102 Trinitatis
632 1068 874 1113 Redemptionis
899 1069 1104 1113 Captivorum
1132 1068 1393 1112 congregationis
1426 1068 1671 1112 Hispaniarum,
1699 1067 1740 1101 66
1765 1067 1797 1108 ὸ;

343 1121 382 1155 de
405 1121 472 1155 iure
497 1121 674 1163 electionis,
702 1120 742 1154 67
768 1133 806 1162 α’,
833 1122 893 1166 ipsi
921 1123 1088 1167 privilegia
1115 1122 1369 1163 confirmantur,
1396 1122 1436 1155 97
1462 1123 1478 1154 b
1504 1129 1535 1156 et
1559 1134 1634 1167 seq.;
1664 1122 1796 1156 facultas

342 1175 529 1210 conceditur
549 1175 712 1209 dividendi
733 1176 1012 1220 congregationem
1038 1176 1069 1211 in
1095 1183 1159 1211 tres
1183 1177 1375 1221 provincias,
1402 1177 1526 1210 adiecta
1557 1182 1662 1209 tamen
1686 1176 1798 1210 condi-

344 1228 430 1263 tione
457 1230 544 1273 quod
570 1229 731 1273 quaelibet
760 1231 922 1273 provincia
955 1231 1066 1264 saltem
1092 1236 1123 1264 et
1148 1236 1323 1263 conventus
1354 1227 1489 1271 habeat,
1516 1228 1580 1262 320
1601 1230 1638 1270 b;
1667 1228 1800 1274 praelati

343 1282 458 1316 locales
480 1294 536 1316 seu
554 1284 780 1317 conventuales
801 1294 865 1318 non
891 1284 1029 1318 habeant
1054 1284 1104 1318 ius
1122 1283 1265 1327 suffragii
1289 1284 1320 1316 in
1339 1283 1487 1326 capitulis
1507 1283 1709 1327 generalibus
1728 1294 1800 1317 con-

344 1336 536 1380 gregationis
561 1337 744 1380 Hispaniae,
771 1336 836 1371 5:33
861 1338 896 1379 b3
922 1339 993 1371 vide
1018 1338 1069 1372 SS.
1095 1337 1266 1371 Trinitatis.

253 1386 339 1421 Ordo
363 1388 666 1429 Camaldulensium‚
694 1391 762 1423 vide
785 1390 1056 1425 Camaldulenscs.

255 1440 339 1475 Ordo
365 1442 599 1476 Canonicorum
626 1444 833 1486 regularium,
860 1444 931 1478 vide
956 1445 1108 1478 Canonici
1134 1444 1305 1488 regulares.

255 1493 341 1527 Ordo
366 1494 601 1529 Canonicorum
627 1497 823 1539 regularium
848 1498 1203 1539 Praemostratensium,
1231 1498 1302 1531 vide
1326 1498 1701 1532 Praemonstratensium.

255 1547 340 1581 Ordo
364 1548 651 1593 Cappuccinorum,
675 1551 745 1584 vide
770 1550 1053 1595 Cappuccinorum.

256 1600 340 1634 Ordo
366 1601 621 1643 Carmelitarum,
648 1603 717 1636 vide
742 1603 997 1638 Carmelitarum.

255 1653 339 1687 Ordo
365 1654 613 1696 Cassinensium,
641 1656 712 1689 'm'cta
737 1657 987 1691 Cassinensium.

254 1707 339 1742 Ordo
364 1708 638 1750 Cisterciensium‚
664 1710 735 1743 vide
760 1711 996 1745 Cistercienses.

254 1761 338 1796 Ordo
363 1762 554 1796 clericorum
580 1764 773 1807 regularium
799 1765 1050 1799 Ministrantium
1076 1766 1216 1799 infirmis
1243 1766 1275 1799 in
1302 1772 1380 1810 quot
1411 1766 1591 1810 provincias
1617 1765 1795 1807 dividatur,

344 1815 386 1849 93
411 1828 451 1857 (13
478 1816 555 1860 quid
581 1823 736 1851 statutum
763 1818 803 1851 sit
828 1829 886 1862 pro
911 1819 1065 1852 electione
1091 1820 1314 1853 consultorum
1342 1825 1369 1852 et
1397 1819 1530 1860 arbitri,
1563 1818 1625 1852 267
1652 1830 1670 1852 α
1692 1825 1798 1863 etseq.

255 1867 339 1902 Ordo
363 1869 577 1904 Eremitarum
600 1870 629 1904 S.
655 1870 822 1914 Augustini
848 1873 918 1905 vide
943 1872 973 1905 S.
1002 1873 1190 1917 Augustini.

255 1921 340 1956 Ordo
365 1922 499 1956 fratrum
524 1923 771 1966 Cruciseromm,
798 1925 869 1958 vide
894 1924 1145 1960 Cruciserorum.

255 1976 339 2010 Ordo
364 1977 496 2010 fratrum
522 1977 794 2020 Praedicatorum,
820 1979 892 2013 vide
916 1980 1189 2014 Praedicatorum.

255 2028 339 2064 Ordo
364 2030 566 2064 Minimorum
592 2030 621 2063 S.
648 2031 804 2065 Francisci
830 2032 869 2065 de
894 2033 1003 2075 Paula,
1026 2034 1096 2067 virle
1121 2034 1339 2067 Minimorum.

255 2082 339 2118 Ordo
364 2084 520 2118 Minorum
547 2084 577 2116 S.
606 2085 777 2126 Francisci,
804 2085 875 2118 vide
898 2087 1059 2121 Francisci
1085 2087 1147 2131 (S.)
1173 2086 1271 2120 Ordo.

255 2136 340 2171 Ordo
365 2138 521 2170 Minorum
546 2137 577 2170 S.
602 2137 765 2171 Francisci
793 2138 1071 2180 Conventualium,
1098 2141 1168 2174 ride
1192 2139 1468 2174 Conventualium.

254 2190 339 2225 Ordo
364 2191 597 2225 monachorum
622 2190 900 2236 Sylrestrinorum‚
928 2195 999 2228 vide
1024 2194 1306 2238 Sylvestrinorum.

255 2245 340 2279 Ordo
364 2245 636 2285 Praedicatorum,
661 2245 734 2279 vide
757 2247 1008 2282 Praedicatores.

255 2298 340 2332 Ordo
364 2298 395 2332 S.
422 2298 602 2342 Augustini,
628 2298 892 2345 vide-Augustini
918 2303 981 2347 (S.)
1007 2301 1103 2336 Ordo.

256 2352 342 2387 Ordo
366 2352 396 2386 S.
423 2352 543 2393 Basilii,
568 2352 638 2386 vide
662 2354 779 2388 Basilii.

256 2406 339 2441 Ordo
363 2407 393 2441 S.
421 2406 596 2448 Benedicti,
622 2407 693 2440 vide
715 2408 877 2443 Benedicti
903 2410 965 2454 (S.)
991 2410 1084 2444 Ordo.

257 2460 341 2495 Ordo
366 2460 397 2493 S.
426 2459 622 2504 Hieronymi,
648 2460 719 2494 vide
743 2461 774 2495 S.
802 2463 998 2508 Hieronymi.

256 2513 340 2549 Ordo
365 2514 396 2547 S.
424 2514 513 2548 Pauli
538 2513 629 2558 primi
655 2516 805 2551 eremitae
831 2516 889 2550 sul]
915 2517 945 2550 S.
975 2515 1140 2558 Augustini
1167 2514 1289 2557 regula,
1310 2514 1381 2547 vide
1405 2512 1494 2547 Pauli
1520 2513 1581 2557 (S.)
1607 2512 1699 2558 primi
1726 2522 1792 2547 ere—

347 2568 443 2603 mitae
468 2566 562 2603 Ordo.
