<?xml version="1.0" encoding="UTF-8"?>
<!DOCTYPE html PUBLIC "-//W3C//DTD XHTML 1.0 Transitional//EN"
    "http://www.w3.org/TR/xhtml1/DTD/xhtml1-transitional.dtd">
<html xmlns="http://www.w3.org/1999/xhtml" xml:lang="en" lang="en">
 <head>
  <title>
</title>
<meta http-equiv="Content-Type" content="text/html;charset=utf-8" />
  <meta name='ocr-system' content='tesseract 3.04.00' />
  <meta name='ocr-capabilities' content='ocr_page ocr_carea ocr_par ocr_line ocrx_word'/>
</head>
<body>
  <div class='ocr_page' id='page_1' title='image "./bullarumdiplomat16cath_0648.png"; bbox 0 0 2243 3205; ppageno 0'>
   <div class='ocr_carea' id='block_1_1' title="bbox 269 191 566 226">
    <p class='ocr_par' dir='ltr' id='par_1_1' title="bbox 269 191 566 226">
     <span class='ocr_line' id='line_1_1' title="bbox 269 191 566 226; baseline -0.007 -1"><span class='ocrx_word' id='word_1_1' title='bbox 269 200 317 226; x_wconf 72' lang='lat' dir='ltr'>An.</span> <span class='ocrx_word' id='word_1_2' title='bbox 339 199 366 226; x_wconf 91' lang='lat' dir='ltr'>c.</span> <span class='ocrx_word' id='word_1_3' title='bbox 390 200 456 226; x_wconf 77' lang='lat'>1660</span> <span class='ocrx_word' id='word_1_4' title='bbox 502 191 566 224; x_wconf 69' lang='grc'>614</span> 
     </span>
    </p>
   </div>
   <div class='ocr_carea' id='block_1_2' title="bbox 316 1265 451 1286">
    <p class='ocr_par' dir='ltr' id='par_1_2' title="bbox 316 1265 451 1286">
     <span class='ocr_line' id='line_1_2' title="bbox 316 1265 451 1286; baseline -0.007 -1"><span class='ocrx_word' id='word_1_5' title='bbox 316 1265 397 1286; x_wconf 62' lang='lat' dir='ltr'>visitat.</span> <span class='ocrx_word' id='word_1_6' title='bbox 408 1271 451 1285; x_wconf 55' lang='lat' dir='ltr'>rani</span> 
     </span>
    </p>
   </div>
   <div class='ocr_carea' id='block_1_3' title="bbox 268 1297 365 1370">
    <p class='ocr_par' dir='ltr' id='par_1_3' title="bbox 268 1297 365 1370">
     <span class='ocr_line' id='line_1_3' title="bbox 268 1297 365 1312; baseline -0.01 0"><span class='ocrx_word' id='word_1_7' title='bbox 268 1297 365 1312; x_wconf 71' lang='lat' dir='ltr'>numurus</span> 
     </span>
     <span class='ocr_line' id='line_1_4' title="bbox 268 1319 320 1338; baseline 0 0"><span class='ocrx_word' id='word_1_8' title='bbox 268 1319 320 1338; x_wconf 71' lang='lat' dir='ltr'>duos</span> 
     </span>
     <span class='ocr_line' id='line_1_5' title="bbox 268 1347 348 1370; baseline 0.013 -6"><span class='ocrx_word' id='word_1_9' title='bbox 268 1347 348 1370; x_wconf 61' lang='lat' dir='ltr'>gratur.</span> 
     </span>
    </p>
   </div>
   <div class='ocr_carea' id='block_1_4' title="bbox 345 1325 425 1339">
    <p class='ocr_par' dir='ltr' id='par_1_4' title="bbox 345 1325 425 1339">
     <span class='ocr_line' id='line_1_6' title="bbox 345 1325 425 1339; baseline 0.013 -1"><span class='ocrx_word' id='word_1_10' title='bbox 345 1325 384 1339; x_wconf 73' lang='lat' dir='ltr'>nou</span> <span class='ocrx_word' id='word_1_11' title='bbox 413 1326 425 1339; x_wconf 69' lang='lat' dir='ltr'>a</span> 
     </span>
    </p>
   </div>
   <div class='ocr_carea' id='block_1_5' title="bbox 397 1294 451 1312">
    <p class='ocr_par' dir='ltr' id='par_1_5' title="bbox 397 1294 451 1312">
     <span class='ocr_line' id='line_1_7' title="bbox 397 1294 451 1312; baseline 0.019 -1"><span class='ocrx_word' id='word_1_12' title='bbox 397 1294 451 1312; x_wconf 57' lang='lat' dir='ltr'>ultra</span> 
     </span>
    </p>
   </div>
   <div class='ocr_carea' id='block_1_6' title="bbox 465 248 1205 1294">
    <p class='ocr_par' dir='ltr' id='par_1_6' title="bbox 465 248 1205 1294">
     <span class='ocr_line' id='line_1_8' title="bbox 467 248 1205 293; baseline 0.003 -13"><span class='ocrx_word' id='word_1_13' title='bbox 467 248 687 281; x_wconf 88' lang='lat' dir='ltr'>nistratoribus</span> <span class='ocrx_word' id='word_1_14' title='bbox 706 259 758 281; x_wconf 84' lang='lat' dir='ltr'>seu</span> <span class='ocrx_word' id='word_1_15' title='bbox 781 249 998 292; x_wconf 84' lang='lat' dir='ltr'>superioribus</span> <span class='ocrx_word' id='word_1_16' title='bbox 1024 255 1205 293; x_wconf 70' lang='lat' dir='ltr'>competere</span> 
     </span>
     <span class='ocr_line' id='line_1_9' title="bbox 468 301 1203 336; baseline 0.005 -4"><span class='ocrx_word' id='word_1_17' title='bbox 468 301 610 333; x_wconf 83' lang='lat' dir='ltr'>visitandi</span> <span class='ocrx_word' id='word_1_18' title='bbox 639 301 820 335; x_wconf 85' lang='lat' dir='ltr'>huiusmodi</span> <span class='ocrx_word' id='word_1_19' title='bbox 852 303 1040 335; x_wconf 86' lang='lat' dir='ltr'>monasteria</span> <span class='ocrx_word' id='word_1_20' title='bbox 1065 303 1203 336; x_wconf 81' lang='lat' dir='ltr'>(lecrevi-</span> 
     </span>
     <span class='ocr_line' id='line_1_10' title="bbox 467 354 1204 399; baseline 0.004 -14"><span class='ocrx_word' id='word_1_21' title='bbox 467 365 535 385; x_wconf 90' lang='lat' dir='ltr'>mus</span> <span class='ocrx_word' id='word_1_22' title='bbox 560 360 589 386; x_wconf 83' lang='lat' dir='ltr'>et</span> <span class='ocrx_word' id='word_1_23' title='bbox 613 354 850 395; x_wconf 77' lang='lat' dir='ltr'>declaravimus,</span> <span class='ocrx_word' id='word_1_24' title='bbox 876 361 967 399; x_wconf 85' lang='lat' dir='ltr'>atque</span> <span class='ocrx_word' id='word_1_25' title='bbox 990 356 1030 388; x_wconf 88' lang='lat' dir='ltr'>ita</span> <span class='ocrx_word' id='word_1_26' title='bbox 1059 356 1204 399; x_wconf 81' lang='lat' dir='ltr'>deinceps</span> 
     </span>
     <span class='ocr_line' id='line_1_11' title="bbox 466 406 1203 449; baseline 0.004 -11"><span class='ocrx_word' id='word_1_27' title='bbox 466 406 605 447; x_wconf 86' lang='lat' dir='ltr'>omnino,</span> <span class='ocrx_word' id='word_1_28' title='bbox 630 407 722 439; x_wconf 86' lang='lat' dir='ltr'>etiam</span> <span class='ocrx_word' id='word_1_29' title='bbox 743 407 801 439; x_wconf 88' lang='lat' dir='ltr'>sub</span> <span class='ocrx_word' id='word_1_30' title='bbox 819 408 1036 441; x_wconf 85' lang='lat' dir='ltr'>ecclesiasticis</span> <span class='ocrx_word' id='word_1_31' title='bbox 1052 409 1203 449; x_wconf 74' lang='lat' dir='ltr'>censuris,</span> 
     </span>
     <span class='ocr_line' id='line_1_12' title="bbox 466 460 1202 505; baseline 0.001 -13"><span class='ocrx_word' id='word_1_32' title='bbox 466 460 583 492; x_wconf 85' lang='lat' dir='ltr'>servari</span> <span class='ocrx_word' id='word_1_33' title='bbox 597 460 822 501; x_wconf 71' lang='lat' dir='ltr'>mandavimus,</span> <span class='ocrx_word' id='word_1_34' title='bbox 835 467 996 505; x_wconf 83' lang='lat' dir='ltr'>praeterea</span> <span class='ocrx_word' id='word_1_35' title='bbox 1008 462 1202 495; x_wconf 73' lang='lat' dir='ltr'>visitatorum</span> 
     </span>
     <span class='ocr_line' id='line_1_13' title="bbox 467 515 1202 548; baseline 0.003 -4"><span class='ocrx_word' id='word_1_36' title='bbox 467 518 712 546; x_wconf 86' lang='lat' dir='ltr'>memoratorum</span> <span class='ocrx_word' id='word_1_37' title='bbox 736 515 998 548; x_wconf 72' lang='lat' dir='ltr'>monasteriorum</span> <span class='ocrx_word' id='word_1_38' title='bbox 1022 515 1202 548; x_wconf 87' lang='lat' dir='ltr'>monialium</span> 
     </span>
     <span class='ocr_line' id='line_1_14' title="bbox 465 566 1202 612; baseline 0.003 -14"><span class='ocrx_word' id='word_1_39' title='bbox 465 566 710 599; x_wconf 76' lang='lat' dir='ltr'>nominationem</span> <span class='ocrx_word' id='word_1_40' title='bbox 756 567 903 612; x_wconf 74' lang='lat' dir='ltr'>deinceps</span> <span class='ocrx_word' id='word_1_41' title='bbox 943 568 980 600; x_wconf 88' lang='lat' dir='ltr'>ad</span> <span class='ocrx_word' id='word_1_42' title='bbox 1019 568 1202 601; x_wconf 86' lang='lat' dir='ltr'>eorumdem</span> 
     </span>
     <span class='ocr_line' id='line_1_15' title="bbox 467 620 1202 664; baseline 0.003 -13"><span class='ocrx_word' id='word_1_43' title='bbox 467 620 729 653; x_wconf 89' lang='lat' dir='ltr'>monasteriorum</span> <span class='ocrx_word' id='word_1_44' title='bbox 755 620 1024 654; x_wconf 83' lang='lat' dir='ltr'>administratores</span> <span class='ocrx_word' id='word_1_45' title='bbox 1050 631 1111 654; x_wconf 91' lang='lat' dir='ltr'>non</span> <span class='ocrx_word' id='word_1_46' title='bbox 1136 631 1202 664; x_wconf 87' lang='lat' dir='ltr'>per-</span> 
     </span>
     <span class='ocr_line' id='line_1_16' title="bbox 468 673 1202 713; baseline 0.001 -8"><span class='ocrx_word' id='word_1_47' title='bbox 468 673 583 713; x_wconf 87' lang='lat' dir='ltr'>tinere,</span> <span class='ocrx_word' id='word_1_48' title='bbox 609 673 782 707; x_wconf 72' lang='lat' dir='ltr'>visitatores</span> <span class='ocrx_word' id='word_1_49' title='bbox 814 680 915 707; x_wconf 88' lang='lat' dir='ltr'>autem</span> <span class='ocrx_word' id='word_1_50' title='bbox 942 674 1202 708; x_wconf 70' lang='lat' dir='ltr'>monasteriorum</span> 
     </span>
     <span class='ocr_line' id='line_1_17' title="bbox 467 726 1204 771; baseline 0 -13"><span class='ocrx_word' id='word_1_51' title='bbox 467 726 657 769; x_wconf 86' lang='lat' dir='ltr'>liuiusmodi,</span> <span class='ocrx_word' id='word_1_52' title='bbox 672 727 850 771; x_wconf 89' lang='lat' dir='ltr'>incipiendo</span> <span class='ocrx_word' id='word_1_53' title='bbox 867 738 883 759; x_wconf 88' lang='lat' dir='ltr'>a</span> <span class='ocrx_word' id='word_1_54' title='bbox 902 733 974 760; x_wconf 91' lang='lat' dir='ltr'>tune</span> <span class='ocrx_word' id='word_1_55' title='bbox 992 727 1204 767; x_wconf 66' lang='lat' dir='ltr'>existentibus,</span> 
     </span>
     <span class='ocr_line' id='line_1_18' title="bbox 467 779 1204 822; baseline 0.001 -10"><span class='ocrx_word' id='word_1_56' title='bbox 467 779 518 822; x_wconf 80' lang='lat' dir='ltr'>qui</span> <span class='ocrx_word' id='word_1_57' title='bbox 537 784 625 812; x_wconf 88' lang='lat' dir='ltr'>erant</span> <span class='ocrx_word' id='word_1_58' title='bbox 638 779 769 813; x_wconf 86' lang='lat' dir='ltr'>dilectus</span> <span class='ocrx_word' id='word_1_59' title='bbox 790 781 873 812; x_wconf 79' lang='lat' dir='ltr'>[ilius</span> <span class='ocrx_word' id='word_1_60' title='bbox 890 781 999 813; x_wconf 84' lang='lat' dir='ltr'>Petrus</span> <span class='ocrx_word' id='word_1_61' title='bbox 1017 781 1054 813; x_wconf 87' lang='lat' dir='ltr'>de</span> <span class='ocrx_word' id='word_1_62' title='bbox 1072 780 1204 821; x_wconf 64' lang='lat' dir='ltr'>llerulle,</span> 
     </span>
     <span class='ocr_line' id='line_1_19' title="bbox 467 831 1204 875; baseline 0.003 -11"><span class='ocrx_word' id='word_1_63' title='bbox 467 831 496 863; x_wconf 90' lang='lat' dir='ltr'>in</span> <span class='ocrx_word' id='word_1_64' title='bbox 515 835 602 865; x_wconf 68' lang='lat' dir='ltr'>sacra</span> <span class='ocrx_word' id='word_1_65' title='bbox 622 833 780 875; x_wconf 74' lang='lat' dir='ltr'>theologia</span> <span class='ocrx_word' id='word_1_66' title='bbox 797 833 954 875; x_wconf 74' lang='lat' dir='ltr'>magister,</span> <span class='ocrx_word' id='word_1_67' title='bbox 970 833 1148 865; x_wconf 85' lang='lat' dir='ltr'>monasterii</span> <span class='ocrx_word' id='word_1_68' title='bbox 1167 833 1204 866; x_wconf 88' lang='lat' dir='ltr'>de</span> 
     </span>
     <span class='ocr_line' id='line_1_20' title="bbox 467 884 1205 919; baseline 0.003 -2"><span class='ocrx_word' id='word_1_69' title='bbox 467 884 657 918; x_wconf 82' lang='lat' dir='ltr'>Pentelenoii</span> <span class='ocrx_word' id='word_1_70' title='bbox 673 887 735 918; x_wconf 88' lang='lat' dir='ltr'>sive</span> <span class='ocrx_word' id='word_1_71' title='bbox 753 886 790 918; x_wconf 88' lang='lat' dir='ltr'>dc</span> <span class='ocrx_word' id='word_1_72' title='bbox 810 886 989 919; x_wconf 81' lang='lat' dir='ltr'>Ponteleuio</span> <span class='ocrx_word' id='word_1_73' title='bbox 1009 886 1105 918; x_wconf 84' lang='lat' dir='ltr'>abbas</span> <span class='ocrx_word' id='word_1_74' title='bbox 1122 897 1205 919; x_wconf 89' lang='lat' dir='ltr'>com-</span> 
     </span>
     <span class='ocr_line' id='line_1_21' title="bbox 467 938 1204 980; baseline 0.003 -10"><span class='ocrx_word' id='word_1_75' title='bbox 467 938 680 972; x_wconf 87' lang='lat' dir='ltr'>mendatarius</span> <span class='ocrx_word' id='word_1_76' title='bbox 712 939 761 971; x_wconf 93' lang='lat' dir='ltr'>die</span> <span class='ocrx_word' id='word_1_77' title='bbox 791 949 851 972; x_wconf 79' lang='lat' dir='ltr'>xxv</span> <span class='ocrx_word' id='word_1_78' title='bbox 886 939 960 971; x_wconf 91' lang='lat' dir='ltr'>iunii</span> <span class='ocrx_word' id='word_1_79' title='bbox 995 949 1145 980; x_wconf 65' lang='lat' dir='ltr'>naemu,</span> <span class='ocrx_word' id='word_1_80' title='bbox 1169 950 1204 972; x_wconf 91' lang='lat' dir='ltr'>ac</span> 
     </span>
     <span class='ocr_line' id='line_1_22' title="bbox 466 991 1205 1034; baseline 0.003 -11"><span class='ocrx_word' id='word_1_81' title='bbox 466 991 622 1034; x_wconf 83' lang='lat' dir='ltr'>quondam</span> <span class='ocrx_word' id='word_1_82' title='bbox 649 992 824 1025; x_wconf 84' lang='lat' dir='ltr'>Ludovicus</span> <span class='ocrx_word' id='word_1_83' title='bbox 848 992 885 1025; x_wconf 89' lang='lat' dir='ltr'>de</span> <span class='ocrx_word' id='word_1_84' title='bbox 911 993 938 1024; x_wconf 91' lang='lat' dir='ltr'>la</span> <span class='ocrx_word' id='word_1_85' title='bbox 966 993 1205 1025; x_wconf 80' lang='lat' dir='ltr'>Rocliecliouart</span> 
     </span>
     <span class='ocr_line' id='line_1_23' title="bbox 466 1044 1203 1086; baseline 0.001 -9"><span class='ocrx_word' id='word_1_86' title='bbox 466 1044 503 1077; x_wconf 88' lang='lat' dir='ltr'>de</span> <span class='ocrx_word' id='word_1_87' title='bbox 520 1044 702 1085; x_wconf 84' lang='lat' dir='ltr'>Caudenier,</span> <span class='ocrx_word' id='word_1_88' title='bbox 720 1045 793 1078; x_wconf 88' lang='lat' dir='ltr'>dum</span> <span class='ocrx_word' id='word_1_89' title='bbox 816 1046 889 1078; x_wconf 80' lang='lat' dir='ltr'>vixit</span> <span class='ocrx_word' id='word_1_90' title='bbox 907 1046 1001 1078; x_wconf 87' lang='lat' dir='ltr'>abbas</span> <span class='ocrx_word' id='word_1_91' title='bbox 1019 1046 1056 1078; x_wconf 92' lang='lat' dir='ltr'>dc</span> <span class='ocrx_word' id='word_1_92' title='bbox 1073 1046 1203 1086; x_wconf 70' lang='lat' dir='ltr'>Tornce,</span> 
     </span>
     <span class='ocr_line' id='line_1_24' title="bbox 466 1097 1205 1142; baseline 0.004 -13"><span class='ocrx_word' id='word_1_93' title='bbox 466 1097 515 1129; x_wconf 91' lang='lat' dir='ltr'>die</span> <span class='ocrx_word' id='word_1_94' title='bbox 530 1099 683 1141; x_wconf 83' lang='lat' dir='ltr'>naugusti</span> <span class='ocrx_word' id='word_1_95' title='bbox 703 1109 840 1131; x_wconf 70' lang='lat' dir='ltr'>itincrvm</span> <span class='ocrx_word' id='word_1_96' title='bbox 856 1110 871 1131; x_wconf 90' lang='lat' dir='ltr'>a</span> <span class='ocrx_word' id='word_1_97' title='bbox 890 1100 1029 1142; x_wconf 81' lang='lat' dir='ltr'>praefato</span> <span class='ocrx_word' id='word_1_98' title='bbox 1047 1099 1149 1133; x_wconf 83' lang='lat' dir='ltr'>Caelio</span> <span class='ocrx_word' id='word_1_99' title='bbox 1160 1110 1205 1132; x_wconf 92' lang='lat' dir='ltr'>ar-</span> 
     </span>
     <span class='ocr_line' id='line_1_25' title="bbox 466 1150 1204 1196; baseline 0.005 -14"><span class='ocrx_word' id='word_1_100' title='bbox 466 1150 668 1194; x_wconf 80' lang='lat' dir='ltr'>chiepiscopo</span> <span class='ocrx_word' id='word_1_101' title='bbox 693 1152 808 1185; x_wconf 90' lang='lat' dir='ltr'>nuncio</span> <span class='ocrx_word' id='word_1_102' title='bbox 825 1152 1013 1193; x_wconf 83' lang='lat' dir='ltr'>confirmati,</span> <span class='ocrx_word' id='word_1_103' title='bbox 1035 1158 1204 1196; x_wconf 84' lang='lat' dir='ltr'>perpetuos</span> 
     </span>
     <span class='ocr_line' id='line_1_26' title="bbox 467 1203 1203 1247; baseline 0.004 -12"><span class='ocrx_word' id='word_1_104' title='bbox 467 1203 532 1236; x_wconf 89' lang='lat' dir='ltr'>sore</span> <span class='ocrx_word' id='word_1_105' title='bbox 556 1204 820 1247; x_wconf 77' lang='lat' dir='ltr'>quemadmodum</span> <span class='ocrx_word' id='word_1_106' title='bbox 848 1210 986 1238; x_wconf 85' lang='lat' dir='ltr'>rectores</span> <span class='ocrx_word' id='word_1_107' title='bbox 1014 1211 1043 1238; x_wconf 88' lang='lat' dir='ltr'>et</span> <span class='ocrx_word' id='word_1_108' title='bbox 1071 1206 1203 1238; x_wconf 89' lang='lat' dir='ltr'>admini-</span> 
     </span>
     <span class='ocr_line' id='line_1_27' title="bbox 467 1255 1202 1294; baseline 0.004 -8"><span class='ocrx_word' id='word_1_109' title='bbox 467 1259 632 1294; x_wconf 82' lang='lat' dir='ltr'>stratores3</span> <span class='ocrx_word' id='word_1_110' title='bbox 658 1255 695 1287; x_wconf 84' lang='lat' dir='ltr'>ad</span> <span class='ocrx_word' id='word_1_111' title='bbox 721 1255 796 1288; x_wconf 86' lang='lat' dir='ltr'>haec</span> <span class='ocrx_word' id='word_1_112' title='bbox 824 1255 979 1288; x_wconf 89' lang='lat' dir='ltr'>dictorum</span> <span class='ocrx_word' id='word_1_113' title='bbox 1009 1256 1202 1289; x_wconf 81' lang='lat' dir='ltr'>visitatorum</span> 
     </span>
    </p>
   </div>
   <div class='ocr_carea' id='block_1_7' title="bbox 436 1309 1205 1354">
    <p class='ocr_par' dir='ltr' id='par_1_7' title="bbox 436 1309 1205 1354">
     <span class='ocr_line' id='line_1_28' title="bbox 436 1309 1205 1354; baseline 0.005 -15"><span class='ocrx_word' id='word_1_114' title='bbox 436 1326 450 1338; x_wconf 89' lang='lat'>1·</span> <span class='ocrx_word' id='word_1_115' title='bbox 466 1318 633 1341; x_wconf 83' lang='lat' dir='ltr'>numerum</span> <span class='ocrx_word' id='word_1_116' title='bbox 645 1309 726 1341; x_wconf 82' lang='lat' dir='ltr'>ultra</span> <span class='ocrx_word' id='word_1_117' title='bbox 740 1309 818 1341; x_wconf 89' lang='lat' dir='ltr'>duos</span> <span class='ocrx_word' id='word_1_118' title='bbox 835 1310 942 1352; x_wconf 78' lang='lat' dir='ltr'>augeri</span> <span class='ocrx_word' id='word_1_119' title='bbox 962 1320 1023 1343; x_wconf 88' lang='lat' dir='ltr'>non</span> <span class='ocrx_word' id='word_1_120' title='bbox 1041 1321 1141 1354; x_wconf 79' lang='lat' dir='ltr'>posse,</span> <span class='ocrx_word' id='word_1_121' title='bbox 1155 1321 1205 1343; x_wconf 91' lang='lat' dir='ltr'>ne-</span> 
     </span>
    </p>
   </div>
   <div class='ocr_carea' id='block_1_8' title="bbox 465 1362 1205 2580">
    <p class='ocr_par' dir='ltr' id='par_1_8' title="bbox 465 1362 1205 2580">
     <span class='ocr_line' id='line_1_29' title="bbox 467 1362 1204 1406; baseline 0.005 -14"><span class='ocrx_word' id='word_1_122' title='bbox 467 1372 527 1404; x_wconf 86' lang='lat' dir='ltr'>que</span> <span class='ocrx_word' id='word_1_123' title='bbox 551 1362 643 1395; x_wconf 89' lang='lat' dir='ltr'>etiam</span> <span class='ocrx_word' id='word_1_124' title='bbox 670 1362 777 1401; x_wconf 90' lang='lat' dir='ltr'>minui,</span> <span class='ocrx_word' id='word_1_125' title='bbox 797 1362 849 1394; x_wconf 89' lang='lat' dir='ltr'>sed</span> <span class='ocrx_word' id='word_1_126' title='bbox 871 1363 954 1406; x_wconf 90' lang='lat' dir='ltr'>ipsos</span> <span class='ocrx_word' id='word_1_127' title='bbox 973 1363 1156 1404; x_wconf 74' lang='lat' dir='ltr'>visitatores,</span> <span class='ocrx_word' id='word_1_128' title='bbox 1170 1368 1204 1396; x_wconf 88' lang='lat' dir='ltr'>ut</span> 
     </span>
     <span class='ocr_line' id='line_1_30' title="bbox 465 1415 1204 1457; baseline 0.003 -11"><span class='ocrx_word' id='word_1_129' title='bbox 465 1419 592 1456; x_wconf 85' lang='lat' dir='ltr'>possent</span> <span class='ocrx_word' id='word_1_130' title='bbox 605 1415 898 1457; x_wconf 85' lang='lat' dir='ltr'>supervenientibus</span> <span class='ocrx_word' id='word_1_131' title='bbox 916 1426 1082 1448; x_wconf 89' lang='lat' dir='ltr'>occurrere</span> <span class='ocrx_word' id='word_1_132' title='bbox 1098 1426 1204 1449; x_wconf 85' lang='lat' dir='ltr'>neces-</span> 
     </span>
     <span class='ocr_line' id='line_1_31' title="bbox 467 1466 1202 1513; baseline 0.004 -15"><span class='ocrx_word' id='word_1_133' title='bbox 467 1466 619 1508; x_wconf 85' lang='lat' dir='ltr'>sitatibus,</span> <span class='ocrx_word' id='word_1_134' title='bbox 635 1468 798 1510; x_wconf 86' lang='lat' dir='ltr'>delegandi</span> <span class='ocrx_word' id='word_1_135' title='bbox 816 1469 854 1500; x_wconf 89' lang='lat' dir='ltr'>ad</span> <span class='ocrx_word' id='word_1_136' title='bbox 872 1474 994 1513; x_wconf 87' lang='lat' dir='ltr'>tempus</span> <span class='ocrx_word' id='word_1_137' title='bbox 1011 1469 1137 1510; x_wconf 85' lang='lat' dir='ltr'>biennii,</span> <span class='ocrx_word' id='word_1_138' title='bbox 1155 1469 1202 1501; x_wconf 82' lang='lat' dir='ltr'>vel</span> 
     </span>
     <span class='ocr_line' id='line_1_32' title="bbox 467 1520 1201 1562; baseline 0.005 -10"><span class='ocrx_word' id='word_1_139' title='bbox 467 1520 590 1553; x_wconf 87' lang='lat' dir='ltr'>triennii</span> <span class='ocrx_word' id='word_1_140' title='bbox 609 1521 646 1553; x_wconf 88' lang='lat' dir='ltr'>ad</span> <span class='ocrx_word' id='word_1_141' title='bbox 664 1532 833 1562; x_wconf 87' lang='lat' dir='ltr'>summum,</span> <span class='ocrx_word' id='word_1_142' title='bbox 854 1533 963 1555; x_wconf 82' lang='lat' dir='ltr'>eorum</span> <span class='ocrx_word' id='word_1_143' title='bbox 985 1523 1201 1556; x_wconf 87' lang='lat' dir='ltr'>auctoritatem</span> 
     </span>
     <span class='ocr_line' id='line_1_33' title="bbox 466 1576 1203 1618; baseline 0.005 -13"><span class='ocrx_word' id='word_1_144' title='bbox 466 1579 495 1605; x_wconf 91' lang='lat' dir='ltr'>et</span> <span class='ocrx_word' id='word_1_145' title='bbox 519 1578 702 1617; x_wconf 86' lang='lat' dir='ltr'>potestatem</span> <span class='ocrx_word' id='word_1_146' title='bbox 730 1585 786 1618; x_wconf 90' lang='lat' dir='ltr'>pro</span> <span class='ocrx_word' id='word_1_147' title='bbox 811 1576 1020 1618; x_wconf 88' lang='lat' dir='ltr'>quorumdam</span> <span class='ocrx_word' id='word_1_148' title='bbox 1047 1581 1203 1609; x_wconf 90' lang='lat' dir='ltr'>monaste—</span> 
     </span>
     <span class='ocr_line' id='line_1_34' title="bbox 466 1625 1203 1672; baseline 0.007 -15"><span class='ocrx_word' id='word_1_149' title='bbox 466 1625 587 1658; x_wconf 84' lang='lat' dir='ltr'>riorum</span> <span class='ocrx_word' id='word_1_150' title='bbox 615 1627 789 1660; x_wconf 88' lang='lat' dir='ltr'>visitatione</span> <span class='ocrx_word' id='word_1_151' title='bbox 806 1628 858 1660; x_wconf 88' lang='lat' dir='ltr'>uni</span> <span class='ocrx_word' id='word_1_152' title='bbox 877 1629 923 1661; x_wconf 90' lang='lat' dir='ltr'>vel</span> <span class='ocrx_word' id='word_1_153' title='bbox 941 1629 1086 1672; x_wconf 87' lang='lat' dir='ltr'>pluribus</span> <span class='ocrx_word' id='word_1_154' title='bbox 1103 1639 1203 1662; x_wconf 88' lang='lat' dir='ltr'>sacer-</span> 
     </span>
     <span class='ocr_line' id='line_1_35' title="bbox 466 1679 1202 1725; baseline 0.005 -14"><span class='ocrx_word' id='word_1_155' title='bbox 466 1679 591 1712; x_wconf 90' lang='lat' dir='ltr'>dotibus</span> <span class='ocrx_word' id='word_1_156' title='bbox 615 1680 695 1714; x_wconf 79' lang='lat' dir='ltr'>vitae</span> <span class='ocrx_word' id='word_1_157' title='bbox 720 1681 1005 1725; x_wconf 83' lang='lat' dir='ltr'>irreprehensibilis</span> <span class='ocrx_word' id='word_1_158' title='bbox 1030 1682 1068 1714; x_wconf 90' lang='lat' dir='ltr'>ab</span> <span class='ocrx_word' id='word_1_159' title='bbox 1093 1682 1202 1715; x_wconf 89' lang='lat' dir='ltr'>codem</span> 
     </span>
     <span class='ocr_line' id='line_1_36' title="bbox 466 1733 1202 1779; baseline 0.004 -14"><span class='ocrx_word' id='word_1_160' title='bbox 466 1733 580 1766; x_wconf 77' lang='lat' dir='ltr'>nuncio</span> <span class='ocrx_word' id='word_1_161' title='bbox 607 1734 749 1767; x_wconf 90' lang='lat' dir='ltr'>similiter</span> <span class='ocrx_word' id='word_1_162' title='bbox 773 1735 994 1779; x_wconf 88' lang='lat' dir='ltr'>approbandis,</span> <span class='ocrx_word' id='word_1_163' title='bbox 1026 1736 1202 1768; x_wconf 81' lang='lat' dir='ltr'>facultatem</span> 
     </span>
     <span class='ocr_line' id='line_1_37' title="bbox 466 1787 1205 1832; baseline 0.005 -14"><span class='ocrx_word' id='word_1_164' title='bbox 466 1787 592 1827; x_wconf 83' lang='lat' dir='ltr'>liabere;</span> <span class='ocrx_word' id='word_1_165' title='bbox 609 1793 782 1831; x_wconf 87' lang='lat' dir='ltr'>praeterea,</span> <span class='ocrx_word' id='word_1_166' title='bbox 797 1788 891 1832; x_wconf 83' lang='lat' dir='ltr'>quod,</span> <span class='ocrx_word' id='word_1_167' title='bbox 907 1799 969 1822; x_wconf 91' lang='lat' dir='ltr'>uno</span> <span class='ocrx_word' id='word_1_168' title='bbox 986 1799 1021 1821; x_wconf 80' lang='lat' dir='ltr'>ex</span> <span class='ocrx_word' id='word_1_169' title='bbox 1042 1789 1205 1822; x_wconf 87' lang='lat' dir='ltr'>visitatori-</span> 
     </span>
     <span class='ocr_line' id='line_1_38' title="bbox 466 1839 1203 1884; baseline 0.003 -12"><span class='ocrx_word' id='word_1_170' title='bbox 466 1839 524 1872; x_wconf 80' lang='lat' dir='ltr'>bus</span> <span class='ocrx_word' id='word_1_171' title='bbox 557 1841 717 1884; x_wconf 88' lang='lat' dir='ltr'>perpetuis</span> <span class='ocrx_word' id='word_1_172' title='bbox 748 1841 927 1875; x_wconf 88' lang='lat' dir='ltr'>huiusmodi</span> <span class='ocrx_word' id='word_1_173' title='bbox 961 1842 1125 1876; x_wconf 79' lang='lat' dir='ltr'>recedente</span> <span class='ocrx_word' id='word_1_174' title='bbox 1156 1843 1203 1875; x_wconf 89' lang='lat' dir='ltr'>vel</span> 
     </span>
     <span class='ocr_line' id='line_1_39' title="bbox 466 1892 1204 1939; baseline 0.004 -14"><span class='ocrx_word' id='word_1_175' title='bbox 466 1892 645 1934; x_wconf 82' lang='lat' dir='ltr'>decedente,</span> <span class='ocrx_word' id='word_1_176' title='bbox 659 1895 737 1927; x_wconf 84' lang='lat' dir='ltr'>alter</span> <span class='ocrx_word' id='word_1_177' title='bbox 755 1899 912 1938; x_wconf 84' lang='lat' dir='ltr'>superstes</span> <span class='ocrx_word' id='word_1_178' title='bbox 930 1896 1023 1928; x_wconf 87' lang='lat' dir='ltr'>alium</span> <span class='ocrx_word' id='word_1_179' title='bbox 1043 1896 1122 1928; x_wconf 85' lang='lat' dir='ltr'>vitae</span> <span class='ocrx_word' id='word_1_180' title='bbox 1136 1906 1204 1939; x_wconf 90' lang='lat' dir='ltr'>pro-</span> 
     </span>
     <span class='ocr_line' id='line_1_40' title="bbox 466 1946 1203 1993; baseline 0.004 -15"><span class='ocrx_word' id='word_1_181' title='bbox 466 1946 557 1979; x_wconf 88' lang='lat' dir='ltr'>batae</span> <span class='ocrx_word' id='word_1_182' title='bbox 574 1947 675 1979; x_wconf 89' lang='lat' dir='ltr'>virum</span> <span class='ocrx_word' id='word_1_183' title='bbox 693 1947 723 1979; x_wconf 91' lang='lat' dir='ltr'>in</span> <span class='ocrx_word' id='word_1_184' title='bbox 739 1958 828 1980; x_wconf 89' lang='lat' dir='ltr'>sacro</span> <span class='ocrx_word' id='word_1_185' title='bbox 846 1948 1079 1993; x_wconf 59' lang='lat' dir='ltr'>presbyteratus</span> <span class='ocrx_word' id='word_1_186' title='bbox 1094 1949 1203 1982; x_wconf 87' lang='lat' dir='ltr'>ordine</span> 
     </span>
     <span class='ocr_line' id='line_1_41' title="bbox 466 2000 1204 2035; baseline 0.005 -4"><span class='ocrx_word' id='word_1_187' title='bbox 466 2000 669 2032; x_wconf 89' lang='lat' dir='ltr'>constitutum</span> <span class='ocrx_word' id='word_1_188' title='bbox 696 2001 775 2033; x_wconf 82' lang='lat' dir='ltr'>infra</span> <span class='ocrx_word' id='word_1_189' title='bbox 800 2001 957 2034; x_wconf 88' lang='lat' dir='ltr'>trimestre</span> <span class='ocrx_word' id='word_1_190' title='bbox 982 2002 1028 2034; x_wconf 90' lang='lat' dir='ltr'>vel</span> <span class='ocrx_word' id='word_1_191' title='bbox 1053 2007 1204 2035; x_wconf 84' lang='lat' dir='ltr'>semestre</span> 
     </span>
     <span class='ocr_line' id='line_1_42' title="bbox 466 2050 1201 2099; baseline 0.005 -15"><span class='ocrx_word' id='word_1_192' title='bbox 466 2050 508 2084; x_wconf 89' lang='lat' dir='ltr'>in¹</span> <span class='ocrx_word' id='word_1_193' title='bbox 523 2053 572 2085; x_wconf 84' lang='lat' dir='ltr'>die</span> <span class='ocrx_word' id='word_1_194' title='bbox 587 2063 727 2086; x_wconf 85' lang='lat' dir='ltr'>recessus</span> <span class='ocrx_word' id='word_1_195' title='bbox 741 2054 787 2086; x_wconf 85' lang='lat' dir='ltr'>vel</span> <span class='ocrx_word' id='word_1_196' title='bbox 803 2054 948 2087; x_wconf 84' lang='lat' dir='ltr'>decessus</span> <span class='ocrx_word' id='word_1_197' title='bbox 959 2055 1201 2099; x_wconf 90' lang='lat' dir='ltr'>computandum</span> 
     </span>
     <span class='ocr_line' id='line_1_43' title="bbox 466 2105 1204 2150; baseline 0.003 -12"><span class='ocrx_word' id='word_1_198' title='bbox 466 2105 580 2139; x_wconf 90' lang='lat' dir='ltr'>nuncio</span> <span class='ocrx_word' id='word_1_199' title='bbox 605 2107 755 2150; x_wconf 78' lang='lat' dir='ltr'>praefato,</span> <span class='ocrx_word' id='word_1_200' title='bbox 770 2112 802 2139; x_wconf 88' lang='lat' dir='ltr'>ut</span> <span class='ocrx_word' id='word_1_201' title='bbox 826 2107 864 2140; x_wconf 90' lang='lat' dir='ltr'>ab</span> <span class='ocrx_word' id='word_1_202' title='bbox 890 2107 999 2140; x_wconf 88' lang='lat' dir='ltr'>eodem</span> <span class='ocrx_word' id='word_1_203' title='bbox 1020 2108 1049 2140; x_wconf 93' lang='lat' dir='ltr'>in</span> <span class='ocrx_word' id='word_1_204' title='bbox 1071 2108 1204 2141; x_wconf 88' lang='lat' dir='ltr'>visitato-</span> 
     </span>
     <span class='ocr_line' id='line_1_44' title="bbox 466 2159 1200 2204; baseline 0.005 -13"><span class='ocrx_word' id='word_1_205' title='bbox 466 2169 532 2191; x_wconf 88' lang='lat' dir='ltr'>rem</span> <span class='ocrx_word' id='word_1_206' title='bbox 564 2159 770 2204; x_wconf 84' lang='lat' dir='ltr'>deputaretur</span> <span class='ocrx_word' id='word_1_207' title='bbox 800 2166 829 2193; x_wconf 89' lang='lat' dir='ltr'>et</span> <span class='ocrx_word' id='word_1_208' title='bbox 853 2162 1116 2203; x_wconf 77' lang='lat' dir='ltr'>confirmaretur,</span> <span class='ocrx_word' id='word_1_209' title='bbox 1141 2172 1200 2195; x_wconf 86' lang='lat' dir='ltr'>no—</span> 
     </span>
     <span class='ocr_line' id='line_1_45' title="bbox 466 2213 1203 2257; baseline 0.005 -12"><span class='ocrx_word' id='word_1_210' title='bbox 466 2213 586 2246; x_wconf 90' lang='lat' dir='ltr'>minare</span> <span class='ocrx_word' id='word_1_211' title='bbox 611 2219 714 2257; x_wconf 89' lang='lat' dir='ltr'>posset</span> <span class='ocrx_word' id='word_1_212' title='bbox 739 2219 768 2247; x_wconf 90' lang='lat' dir='ltr'>et</span> <span class='ocrx_word' id='word_1_213' title='bbox 792 2214 938 2255; x_wconf 84' lang='lat' dir='ltr'>deberet,</span> <span class='ocrx_word' id='word_1_214' title='bbox 967 2216 1009 2248; x_wconf 89' lang='lat' dir='ltr'>ita</span> <span class='ocrx_word' id='word_1_215' title='bbox 1037 2222 1139 2250; x_wconf 90' lang='lat' dir='ltr'>tamen</span> <span class='ocrx_word' id='word_1_216' title='bbox 1170 2223 1203 2249; x_wconf 92' lang='lat' dir='ltr'>ut</span> 
     </span>
     <span class='ocr_line' id='line_1_46' title="bbox 465 2268 1203 2310; baseline 0.005 -11"><span class='ocrx_word' id='word_1_217' title='bbox 465 2277 526 2299; x_wconf 91' lang='lat' dir='ltr'>non</span> <span class='ocrx_word' id='word_1_218' title='bbox 541 2273 667 2310; x_wconf 88' lang='lat' dir='ltr'>possent</span> <span class='ocrx_word' id='word_1_219' title='bbox 684 2268 858 2301; x_wconf 77' lang='lat' dir='ltr'>visitatores</span> <span class='ocrx_word' id='word_1_220' title='bbox 884 2268 1062 2302; x_wconf 86' lang='lat' dir='ltr'>huiusmodi</span> <span class='ocrx_word' id='word_1_221' title='bbox 1084 2280 1203 2303; x_wconf 88' lang='lat' dir='ltr'>succes-</span> 
     </span>
     <span class='ocr_line' id='line_1_47' title="bbox 465 2320 1200 2366; baseline 0.005 -14"><span class='ocrx_word' id='word_1_222' title='bbox 465 2320 529 2353; x_wconf 81' lang='lat' dir='ltr'>sive</span> <span class='ocrx_word' id='word_1_223' title='bbox 561 2326 590 2353; x_wconf 92' lang='lat' dir='ltr'>et</span> <span class='ocrx_word' id='word_1_224' title='bbox 621 2320 799 2354; x_wconf 85' lang='lat' dir='ltr'>immediate</span> <span class='ocrx_word' id='word_1_225' title='bbox 835 2333 870 2355; x_wconf 86' lang='lat' dir='ltr'>ex</span> <span class='ocrx_word' id='word_1_226' title='bbox 902 2322 1011 2355; x_wconf 90' lang='lat' dir='ltr'>eodem</span> <span class='ocrx_word' id='word_1_227' title='bbox 1049 2323 1200 2366; x_wconf 85' lang='lat' dir='ltr'>collegio,</span> 
     </span>
     <span class='ocr_line' id='line_1_48' title="bbox 466 2374 1201 2418; baseline 0.005 -13"><span class='ocrx_word' id='word_1_228' title='bbox 466 2374 719 2415; x_wconf 78' lang='lat' dir='ltr'>congregatione,</span> <span class='ocrx_word' id='word_1_229' title='bbox 744 2374 863 2416; x_wconf 82' lang='lat' dir='ltr'>ordine,</span> <span class='ocrx_word' id='word_1_230' title='bbox 889 2376 1126 2418; x_wconf 85' lang='lat' dir='ltr'>communitate,</span> <span class='ocrx_word' id='word_1_231' title='bbox 1151 2387 1201 2409; x_wconf 90' lang='lat' dir='ltr'>so-</span> 
     </span>
     <span class='ocr_line' id='line_1_49' title="bbox 466 2425 1200 2472; baseline 0.007 -15"><span class='ocrx_word' id='word_1_232' title='bbox 466 2425 595 2466; x_wconf 88' lang='lat' dir='ltr'>cietate,</span> <span class='ocrx_word' id='word_1_233' title='bbox 620 2432 673 2459; x_wconf 82' lang='lat' dir='ltr'>aut</span> <span class='ocrx_word' id='word_1_234' title='bbox 697 2437 832 2471; x_wconf 88' lang='lat' dir='ltr'>corpore</span> <span class='ocrx_word' id='word_1_235' title='bbox 856 2428 1036 2472; x_wconf 84' lang='lat' dir='ltr'>particulari</span> <span class='ocrx_word' id='word_1_236' title='bbox 1063 2430 1200 2472; x_wconf 88' lang='lat' dir='ltr'>assumi,</span> 
     </span>
     <span class='ocr_line' id='line_1_50' title="bbox 466 2480 1201 2526; baseline 0.008 -16"><span class='ocrx_word' id='word_1_237' title='bbox 466 2484 518 2510; x_wconf 84' lang='lat' dir='ltr'>aut</span> <span class='ocrx_word' id='word_1_238' title='bbox 534 2480 688 2512; x_wconf 90' lang='lat' dir='ltr'>nominari</span> <span class='ocrx_word' id='word_1_239' title='bbox 707 2485 736 2513; x_wconf 90' lang='lat' dir='ltr'>et</span> <span class='ocrx_word' id='word_1_240' title='bbox 753 2481 911 2524; x_wconf 88' lang='lat' dir='ltr'>deputari;</span> <span class='ocrx_word' id='word_1_241' title='bbox 929 2482 1086 2526; x_wconf 86' lang='lat' dir='ltr'>quodque,</span> <span class='ocrx_word' id='word_1_242' title='bbox 1104 2483 1127 2515; x_wconf 87' lang='lat' dir='ltr'>si</span> <span class='ocrx_word' id='word_1_243' title='bbox 1145 2493 1201 2516; x_wconf 89' lang='lat' dir='ltr'>no-</span> 
     </span>
     <span class='ocr_line' id='line_1_51' title="bbox 466 2531 1201 2580; baseline 0.005 -17"><span class='ocrx_word' id='word_1_244' title='bbox 466 2531 595 2564; x_wconf 85' lang='lat' dir='ltr'>minatio</span> <span class='ocrx_word' id='word_1_245' title='bbox 609 2532 786 2567; x_wconf 83' lang='lat' dir='ltr'>huiusmodi</span> <span class='ocrx_word' id='word_1_246' title='bbox 800 2545 855 2578; x_wconf 83' lang='lat' dir='ltr'>per</span> <span class='ocrx_word' id='word_1_247' title='bbox 874 2534 1081 2569; x_wconf 80' lang='lat' dir='ltr'>visitationem</span> <span class='ocrx_word' id='word_1_248' title='bbox 1096 2546 1201 2580; x_wconf 85' lang='lat' dir='ltr'>super-</span> 
     </span>
    </p>
   </div>
   <div class='ocr_carea' id='block_1_9' title="bbox 504 2593 1070 2631">
    <p class='ocr_par' dir='ltr' id='par_1_9' title="bbox 504 2593 1070 2631">
     <span class='ocr_line' id='line_1_52' title="bbox 504 2593 1070 2631; baseline 0.007 -12"><span class='ocrx_word' id='word_1_249' title='bbox 504 2595 512 2619; x_wconf 87' lang='lat'>1</span> <span class='ocrx_word' id='word_1_250' title='bbox 538 2593 646 2620; x_wconf 68' lang='lat' dir='ltr'>Videtur</span> <span class='ocrx_word' id='word_1_251' title='bbox 667 2594 809 2628; x_wconf 78' lang='lat' dir='ltr'>legendum</span> <span class='ocrx_word' id='word_1_252' title='bbox 826 2605 841 2622; x_wconf 76' lang='lat' dir='ltr'>cz</span> <span class='ocrx_word' id='word_1_253' title='bbox 859 2605 905 2631; x_wconf 88' lang='lat' dir='ltr'>pro</span> <span class='ocrx_word' id='word_1_254' title='bbox 924 2598 954 2623; x_wconf 75' lang='lat' dir='ltr'>in</span> <span class='ocrx_word' id='word_1_255' title='bbox 974 2598 1006 2623; x_wconf 56' lang='lat' dir='ltr'>&#39;th</span> <span class='ocrx_word' id='word_1_256' title='bbox 1024 2598 1070 2631; x_wconf 71' lang='grc' dir='ltr'>Τ)</span> 
     </span>
    </p>
   </div>
   <div class='ocr_carea' id='block_1_10' title="bbox 1219 252 1224 2633">
    <p class='ocr_par' dir='ltr' id='par_1_10' title="bbox 1219 252 1224 2633">
     <span class='ocr_line' id='line_1_53' title="bbox 1219 252 1224 2633; baseline 0 0"><span class='ocrx_word' id='word_1_257' title='bbox 1219 252 1224 2633; x_wconf 95' lang='lat' dir='ltr'> </span> 
     </span>
    </p>
   </div>
   <div class='ocr_carea' id='block_1_11' title="bbox 1050 200 1406 226">
    <p class='ocr_par' dir='ltr' id='par_1_11' title="bbox 1050 200 1406 226">
     <span class='ocr_line' id='line_1_54' title="bbox 1050 200 1406 226; baseline 0 -1"><span class='ocrx_word' id='word_1_258' title='bbox 1050 201 1226 226; x_wconf 71' lang='lat' dir='ltr'>BULLARIUM</span> <span class='ocrx_word' id='word_1_259' title='bbox 1252 200 1406 225; x_wconf 69' lang='lat' dir='ltr'>ROMANUM</span> 
     </span>
    </p>
   </div>
   <div class='ocr_carea' id='block_1_12' title="bbox 1236 249 1978 2412">
    <p class='ocr_par' dir='ltr' id='par_1_12' title="bbox 1237 249 1978 2260">
     <span class='ocr_line' id='line_1_55' title="bbox 1240 249 1973 294; baseline 0.004 -13"><span class='ocrx_word' id='word_1_260' title='bbox 1240 249 1341 281; x_wconf 87' lang='lat' dir='ltr'>stitem</span> <span class='ocrx_word' id='word_1_261' title='bbox 1360 249 1441 281; x_wconf 92' lang='lat' dir='ltr'>intra</span> <span class='ocrx_word' id='word_1_262' title='bbox 1459 253 1618 290; x_wconf 84' lang='lat' dir='ltr'>semestre,</span> <span class='ocrx_word' id='word_1_263' title='bbox 1634 254 1667 281; x_wconf 90' lang='lat' dir='ltr'>ut</span> <span class='ocrx_word' id='word_1_264' title='bbox 1680 259 1774 293; x_wconf 86' lang='lat' dir='ltr'>supra</span> <span class='ocrx_word' id='word_1_265' title='bbox 1789 250 1973 294; x_wconf 82' lang='lat' dir='ltr'>praefixum,</span> 
     </span>
     <span class='ocr_line' id='line_1_56' title="bbox 1240 301 1974 346; baseline 0.004 -13"><span class='ocrx_word' id='word_1_266' title='bbox 1240 302 1317 334; x_wconf 79' lang='lat' dir='ltr'>sacta</span> <span class='ocrx_word' id='word_1_267' title='bbox 1335 311 1396 334; x_wconf 91' lang='lat' dir='ltr'>non</span> <span class='ocrx_word' id='word_1_268' title='bbox 1416 301 1504 343; x_wconf 82' lang='lat' dir='ltr'>soret,</span> <span class='ocrx_word' id='word_1_269' title='bbox 1522 306 1574 334; x_wconf 89' lang='lat' dir='ltr'>aut</span> <span class='ocrx_word' id='word_1_270' title='bbox 1592 302 1615 335; x_wconf 88' lang='lat' dir='ltr'>si</span> <span class='ocrx_word' id='word_1_271' title='bbox 1633 301 1800 346; x_wconf 87' lang='lat' dir='ltr'>aliquando</span> <span class='ocrx_word' id='word_1_272' title='bbox 1817 302 1974 346; x_wconf 84' lang='lat' dir='ltr'>continge-</span> 
     </span>
     <span class='ocr_line' id='line_1_57' title="bbox 1239 354 1974 398; baseline 0.005 -13"><span class='ocrx_word' id='word_1_273' title='bbox 1239 359 1286 386; x_wconf 87' lang='lat' dir='ltr'>ret</span> <span class='ocrx_word' id='word_1_274' title='bbox 1305 354 1476 388; x_wconf 81' lang='lat' dir='ltr'>visitatores</span> <span class='ocrx_word' id='word_1_275' title='bbox 1490 355 1645 398; x_wconf 87' lang='lat' dir='ltr'>praesatos</span> <span class='ocrx_word' id='word_1_276' title='bbox 1662 355 1765 397; x_wconf 88' lang='lat' dir='ltr'>simul,</span> <span class='ocrx_word' id='word_1_277' title='bbox 1780 355 1825 387; x_wconf 89' lang='lat' dir='ltr'>vel</span> <span class='ocrx_word' id='word_1_278' title='bbox 1843 355 1974 389; x_wconf 87' lang='lat' dir='ltr'>alterum</span> 
     </span>
     <span class='ocr_line' id='line_1_58' title="bbox 1239 407 1976 450; baseline 0.004 -13"><span class='ocrx_word' id='word_1_279' title='bbox 1239 407 1447 450; x_wconf 65' lang='lat' dir='ltr'>superstitem,</span> <span class='ocrx_word' id='word_1_280' title='bbox 1462 417 1523 440; x_wconf 91' lang='lat' dir='ltr'>non</span> <span class='ocrx_word' id='word_1_281' title='bbox 1542 407 1618 440; x_wconf 70' lang='lat' dir='ltr'>facta</span> <span class='ocrx_word' id='word_1_282' title='bbox 1639 407 1766 440; x_wconf 88' lang='lat' dir='ltr'>alterius</span> <span class='ocrx_word' id='word_1_283' title='bbox 1789 407 1976 441; x_wconf 88' lang='lat' dir='ltr'>nominatio-</span> 
     </span>
     <span class='ocr_line' id='line_1_59' title="bbox 1238 460 1975 501; baseline 0.003 -10"><span class='ocrx_word' id='word_1_284' title='bbox 1238 470 1287 500; x_wconf 89' lang='lat' dir='ltr'>ne,</span> <span class='ocrx_word' id='word_1_285' title='bbox 1302 460 1448 493; x_wconf 78' lang='lat' dir='ltr'>recedere</span> <span class='ocrx_word' id='word_1_286' title='bbox 1473 461 1522 493; x_wconf 83' lang='lat' dir='ltr'>vel</span> <span class='ocrx_word' id='word_1_287' title='bbox 1548 460 1720 501; x_wconf 86' lang='lat' dir='ltr'>decedere,</span> <span class='ocrx_word' id='word_1_288' title='bbox 1746 466 1818 493; x_wconf 90' lang='lat' dir='ltr'>tunc</span> <span class='ocrx_word' id='word_1_289' title='bbox 1850 461 1975 494; x_wconf 89' lang='lat' dir='ltr'>illorum</span> 
     </span>
     <span class='ocr_line' id='line_1_60' title="bbox 1239 513 1975 558; baseline 0.004 -14"><span class='ocrx_word' id='word_1_290' title='bbox 1239 523 1291 545; x_wconf 83' lang='lat' dir='ltr'>seu</span> <span class='ocrx_word' id='word_1_291' title='bbox 1307 513 1435 546; x_wconf 86' lang='lat' dir='ltr'>alterius</span> <span class='ocrx_word' id='word_1_292' title='bbox 1449 514 1621 558; x_wconf 78' lang='lat' dir='ltr'>respective</span> <span class='ocrx_word' id='word_1_293' title='bbox 1633 514 1791 558; x_wconf 84' lang='lat' dir='ltr'>deputatio</span> <span class='ocrx_word' id='word_1_294' title='bbox 1804 513 1841 546; x_wconf 85' lang='lat' dir='ltr'>ad</span> <span class='ocrx_word' id='word_1_295' title='bbox 1859 513 1975 548; x_wconf 85' lang='lat' dir='ltr'>dictum</span> 
     </span>
     <span class='ocr_line' id='line_1_61' title="bbox 1239 566 1975 611; baseline 0.003 -13"><span class='ocrx_word' id='word_1_296' title='bbox 1239 567 1399 609; x_wconf 84' lang='lat' dir='ltr'>nuncium,</span> <span class='ocrx_word' id='word_1_297' title='bbox 1419 573 1458 607; x_wconf 86' lang='lat' dir='ltr'>et,</span> <span class='ocrx_word' id='word_1_298' title='bbox 1477 578 1549 600; x_wconf 85' lang='lat' dir='ltr'>casu</span> <span class='ocrx_word' id='word_1_299' title='bbox 1571 578 1633 611; x_wconf 86' lang='lat' dir='ltr'>quo</span> <span class='ocrx_word' id='word_1_300' title='bbox 1650 567 1783 600; x_wconf 90' lang='lat' dir='ltr'>nuncius</span> <span class='ocrx_word' id='word_1_301' title='bbox 1803 577 1865 600; x_wconf 90' lang='lat' dir='ltr'>non</span> <span class='ocrx_word' id='word_1_302' title='bbox 1882 566 1975 600; x_wconf 88' lang='lat' dir='ltr'>ades-</span> 
     </span>
     <span class='ocr_line' id='line_1_62' title="bbox 1239 619 1977 663; baseline 0.003 -12"><span class='ocrx_word' id='word_1_303' title='bbox 1239 624 1294 659; x_wconf 85' lang='lat' dir='ltr'>set,</span> <span class='ocrx_word' id='word_1_304' title='bbox 1312 619 1347 651; x_wconf 87' lang='lat' dir='ltr'>ad</span> <span class='ocrx_word' id='word_1_305' title='bbox 1367 620 1446 653; x_wconf 87' lang='lat' dir='ltr'>banc</span> <span class='ocrx_word' id='word_1_306' title='bbox 1464 621 1492 653; x_wconf 79' lang='lat' dir='ltr'>S.</span> <span class='ocrx_word' id='word_1_307' title='bbox 1511 620 1620 654; x_wconf 86' lang='lat' dir='ltr'>Sedem</span> <span class='ocrx_word' id='word_1_308' title='bbox 1635 620 1977 663; x_wconf 87' lang='lat' dir='ltr'>devolveretur,statui-</span> 
     </span>
     <span class='ocr_line' id='line_1_63' title="bbox 1239 673 1978 707; baseline 0.004 -3"><span class='ocrx_word' id='word_1_309' title='bbox 1239 683 1308 704; x_wconf 87' lang='lat' dir='ltr'>mus</span> <span class='ocrx_word' id='word_1_310' title='bbox 1322 677 1351 705; x_wconf 90' lang='lat' dir='ltr'>et</span> <span class='ocrx_word' id='word_1_311' title='bbox 1365 673 1589 706; x_wconf 86' lang='lat' dir='ltr'>ordinavimus.</span> <span class='ocrx_word' id='word_1_312' title='bbox 1604 674 1641 705; x_wconf 87' lang='lat' dir='ltr'>Et</span> <span class='ocrx_word' id='word_1_313' title='bbox 1653 673 1784 706; x_wconf 90' lang='lat' dir='ltr'>subinde</span> <span class='ocrx_word' id='word_1_314' title='bbox 1798 678 1978 707; x_wconf 85' lang='lat' dir='ltr'>controver-</span> 
     </span>
     <span class='ocr_line' id='line_1_64' title="bbox 1240 726 1975 771; baseline 0.004 -14"><span class='ocrx_word' id='word_1_315' title='bbox 1240 726 1300 758; x_wconf 84' lang='lat' dir='ltr'>sias</span> <span class='ocrx_word' id='word_1_316' title='bbox 1337 738 1430 770; x_wconf 84' lang='lat' dir='ltr'>super</span> <span class='ocrx_word' id='word_1_317' title='bbox 1462 728 1674 771; x_wconf 81' lang='lat' dir='ltr'>praefatorum</span> <span class='ocrx_word' id='word_1_318' title='bbox 1712 727 1975 761; x_wconf 89' lang='lat' dir='ltr'>monasteriorum</span> 
     </span>
     <span class='ocr_line' id='line_1_65' title="bbox 1240 779 1976 825; baseline 0.003 -14"><span class='ocrx_word' id='word_1_319' title='bbox 1240 779 1416 812; x_wconf 82' lang='lat' dir='ltr'>visitatione</span> <span class='ocrx_word' id='word_1_320' title='bbox 1431 785 1553 813; x_wconf 76' lang='lat' dir='ltr'>exortas</span> <span class='ocrx_word' id='word_1_321' title='bbox 1568 781 1673 824; x_wconf 89' lang='lat' dir='ltr'>sopire</span> <span class='ocrx_word' id='word_1_322' title='bbox 1687 779 1843 824; x_wconf 87' lang='lat' dir='ltr'>cupiens¹,</span> <span class='ocrx_word' id='word_1_323' title='bbox 1856 780 1893 813; x_wconf 88' lang='lat' dir='ltr'>de</span> <span class='ocrx_word' id='word_1_324' title='bbox 1907 779 1976 825; x_wconf 83' lang='lat' dir='ltr'>pari</span> 
     </span>
     <span class='ocr_line' id='line_1_66' title="bbox 1240 834 1975 878; baseline 0.004 -14"><span class='ocrx_word' id='word_1_325' title='bbox 1240 839 1488 866; x_wconf 89' lang='lat' dir='ltr'>memoratorum</span> <span class='ocrx_word' id='word_1_326' title='bbox 1524 834 1728 867; x_wconf 77' lang='lat' dir='ltr'>cardinalium</span> <span class='ocrx_word' id='word_1_327' title='bbox 1741 862 1748 875; x_wconf 88' lang='lat'>,</span> <span class='ocrx_word' id='word_1_328' title='bbox 1775 834 1805 866; x_wconf 92' lang='lat' dir='ltr'>in</span> <span class='ocrx_word' id='word_1_329' title='bbox 1840 844 1975 878; x_wconf 86' lang='lat' dir='ltr'>quorum</span> 
     </span>
     <span class='ocr_line' id='line_1_67' title="bbox 1240 886 1978 929; baseline 0.004 -12"><span class='ocrx_word' id='word_1_330' title='bbox 1240 886 1485 929; x_wconf 78' lang='lat' dir='ltr'>congregatione</span> <span class='ocrx_word' id='word_1_331' title='bbox 1503 897 1596 920; x_wconf 87' lang='lat' dir='ltr'>causa</span> <span class='ocrx_word' id='word_1_332' title='bbox 1614 887 1801 920; x_wconf 78' lang='lat' dir='ltr'>visitationis</span> <span class='ocrx_word' id='word_1_333' title='bbox 1817 887 1978 920; x_wconf 89' lang='lat' dir='ltr'>huiusmo—</span> 
     </span>
     <span class='ocr_line' id='line_1_68' title="bbox 1240 932 1974 984; baseline 0.004 -14"><span class='ocrx_word' id='word_1_334' title='bbox 1240 938 1269 970; x_wconf 91' lang='lat' dir='ltr'>di</span> <span class='ocrx_word' id='word_1_335' title='bbox 1289 938 1401 972; x_wconf 90' lang='lat' dir='ltr'>iterum</span> <span class='ocrx_word' id='word_1_336' title='bbox 1420 940 1595 972; x_wconf 79' lang='lat' dir='ltr'>examinata</span> <span class='ocrx_word' id='word_1_337' title='bbox 1613 940 1724 981; x_wconf 86' lang='lat' dir='ltr'>suerat,</span> <span class='ocrx_word' id='word_1_338' title='bbox 1744 932 1860 984; x_wconf 84' lang='lat' dir='ltr'>quique</span> <span class='ocrx_word' id='word_1_339' title='bbox 1879 940 1974 984; x_wconf 89' lang='lat' dir='ltr'>quid—</span> 
     </span>
     <span class='ocr_line' id='line_1_69' title="bbox 1239 991 1977 1037; baseline 0.004 -14"><span class='ocrx_word' id='word_1_340' title='bbox 1239 991 1312 1034; x_wconf 88' lang='lat' dir='ltr'>quid</span> <span class='ocrx_word' id='word_1_341' title='bbox 1328 1002 1343 1023; x_wconf 92' lang='lat' dir='ltr'>a</span> <span class='ocrx_word' id='word_1_342' title='bbox 1358 993 1501 1035; x_wconf 86' lang='lat' dir='ltr'>partibus</span> <span class='ocrx_word' id='word_1_343' title='bbox 1514 992 1703 1036; x_wconf 67' lang='lat' dir='ltr'>earumque⁹</span> <span class='ocrx_word' id='word_1_344' title='bbox 1717 993 1977 1037; x_wconf 85' lang='lat' dir='ltr'>procuratoribus</span> 
     </span>
     <span class='ocr_line' id='line_1_70' title="bbox 1239 1044 1976 1090; baseline 0.004 -15"><span class='ocrx_word' id='word_1_345' title='bbox 1239 1049 1268 1076; x_wconf 90' lang='lat' dir='ltr'>et</span> <span class='ocrx_word' id='word_1_346' title='bbox 1293 1044 1450 1078; x_wconf 83' lang='lat' dir='ltr'>advocatis</span> <span class='ocrx_word' id='word_1_347' title='bbox 1482 1045 1629 1090; x_wconf 84' lang='lat' dir='ltr'>utrinque</span> <span class='ocrx_word' id='word_1_348' title='bbox 1661 1046 1828 1079; x_wconf 88' lang='lat' dir='ltr'>deductum</span> <span class='ocrx_word' id='word_1_349' title='bbox 1860 1046 1976 1087; x_wconf 82' lang='lat' dir='ltr'>suerat,</span> 
     </span>
     <span class='ocr_line' id='line_1_71' title="bbox 1239 1097 1977 1142; baseline 0.004 -14"><span class='ocrx_word' id='word_1_350' title='bbox 1239 1097 1442 1138; x_wconf 79' lang='lat' dir='ltr'>audiverant,</span> <span class='ocrx_word' id='word_1_351' title='bbox 1468 1099 1620 1139; x_wconf 78' lang='lat' dir='ltr'>consilio,</span> <span class='ocrx_word' id='word_1_352' title='bbox 1652 1099 1848 1132; x_wconf 87' lang='lat' dir='ltr'>inhaerentes</span> <span class='ocrx_word' id='word_1_353' title='bbox 1878 1098 1977 1142; x_wconf 89' lang='lat' dir='ltr'>priori</span> 
     </span>
     <span class='ocr_line' id='line_1_72' title="bbox 1239 1152 1977 1195; baseline 0.004 -13"><span class='ocrx_word' id='word_1_354' title='bbox 1239 1157 1429 1184; x_wconf 86' lang='lat' dir='ltr'>memoratae.</span> <span class='ocrx_word' id='word_1_355' title='bbox 1440 1152 1691 1195; x_wconf 87' lang='lat' dir='ltr'>congregationis</span> <span class='ocrx_word' id='word_1_356' title='bbox 1701 1152 1838 1193; x_wconf 87' lang='lat' dir='ltr'>decreto,</span> <span class='ocrx_word' id='word_1_357' title='bbox 1847 1152 1977 1185; x_wconf 90' lang='lat' dir='ltr'>nostris-</span> 
     </span>
     <span class='ocr_line' id='line_1_73' title="bbox 1238 1204 1978 1249; baseline 0.004 -14"><span class='ocrx_word' id='word_1_358' title='bbox 1238 1214 1299 1247; x_wconf 83' lang='lat' dir='ltr'>que</span> <span class='ocrx_word' id='word_1_359' title='bbox 1312 1204 1423 1237; x_wconf 85' lang='lat' dir='ltr'>litteris</span> <span class='ocrx_word' id='word_1_360' title='bbox 1436 1205 1605 1248; x_wconf 82' lang='lat' dir='ltr'>praedictis</span> <span class='ocrx_word' id='word_1_361' title='bbox 1619 1205 1755 1249; x_wconf 88' lang='lat' dir='ltr'>desuper</span> <span class='ocrx_word' id='word_1_362' title='bbox 1768 1205 1929 1247; x_wconf 85' lang='lat' dir='ltr'>emanatis,</span> <span class='ocrx_word' id='word_1_363' title='bbox 1941 1215 1978 1238; x_wconf 83' lang='lat' dir='ltr'>ac</span> 
     </span>
     <span class='ocr_line' id='line_1_74' title="bbox 1238 1257 1972 1292; baseline 0.003 -3"><span class='ocrx_word' id='word_1_364' title='bbox 1238 1257 1397 1290; x_wconf 84' lang='lat' dir='ltr'>decretum</span> <span class='ocrx_word' id='word_1_365' title='bbox 1431 1264 1460 1291; x_wconf 92' lang='lat' dir='ltr'>et</span> <span class='ocrx_word' id='word_1_366' title='bbox 1492 1259 1610 1292; x_wconf 85' lang='lat' dir='ltr'>litteras</span> <span class='ocrx_word' id='word_1_367' title='bbox 1641 1259 1821 1292; x_wconf 88' lang='lat' dir='ltr'>huiusmodi</span> <span class='ocrx_word' id='word_1_368' title='bbox 1853 1258 1972 1292; x_wconf 84' lang='lat' dir='ltr'>confir-</span> 
     </span>
     <span class='ocr_line' id='line_1_75' title="bbox 1240 1312 1976 1356; baseline 0.004 -14"><span class='ocrx_word' id='word_1_369' title='bbox 1240 1316 1357 1344; x_wconf 85' lang='lat' dir='ltr'>mantes</span> <span class='ocrx_word' id='word_1_370' title='bbox 1389 1317 1418 1344; x_wconf 86' lang='lat' dir='ltr'>et</span> <span class='ocrx_word' id='word_1_371' title='bbox 1449 1312 1671 1356; x_wconf 86' lang='lat' dir='ltr'>approbantes,</span> <span class='ocrx_word' id='word_1_372' title='bbox 1697 1318 1805 1353; x_wconf 89' lang='lat' dir='ltr'>motu,</span> <span class='ocrx_word' id='word_1_373' title='bbox 1829 1312 1976 1353; x_wconf 76' lang='lat' dir='ltr'>scientia,</span> 
     </span>
     <span class='ocr_line' id='line_1_76' title="bbox 1238 1363 1976 1409; baseline 0.004 -14"><span class='ocrx_word' id='word_1_374' title='bbox 1238 1363 1461 1397; x_wconf 87' lang='lat' dir='ltr'>deliberatione</span> <span class='ocrx_word' id='word_1_375' title='bbox 1483 1370 1512 1397; x_wconf 86' lang='lat' dir='ltr'>et</span> <span class='ocrx_word' id='word_1_376' title='bbox 1532 1365 1693 1408; x_wconf 88' lang='lat' dir='ltr'>potestatis</span> <span class='ocrx_word' id='word_1_377' title='bbox 1712 1365 1905 1409; x_wconf 89' lang='lat' dir='ltr'>plenitudine</span> <span class='ocrx_word' id='word_1_378' title='bbox 1919 1375 1976 1409; x_wconf 87' lang='lat' dir='ltr'>pa-</span> 
     </span>
     <span class='ocr_line' id='line_1_77' title="bbox 1239 1417 1977 1460; baseline 0.004 -12"><span class='ocrx_word' id='word_1_379' title='bbox 1239 1417 1324 1449; x_wconf 85' lang='lat' dir='ltr'>ribus</span> <span class='ocrx_word' id='word_1_380' title='bbox 1338 1417 1485 1460; x_wconf 81' lang='lat' dir='ltr'>praefatis</span> <span class='ocrx_word' id='word_1_381' title='bbox 1506 1418 1682 1451; x_wconf 88' lang='lat' dir='ltr'>rectoribus</span> <span class='ocrx_word' id='word_1_382' title='bbox 1702 1423 1732 1451; x_wconf 92' lang='lat' dir='ltr'>et</span> <span class='ocrx_word' id='word_1_383' title='bbox 1748 1418 1977 1451; x_wconf 85' lang='lat' dir='ltr'>administrato-</span> 
     </span>
     <span class='ocr_line' id='line_1_78' title="bbox 1238 1471 1974 1514; baseline 0.003 -12"><span class='ocrx_word' id='word_1_384' title='bbox 1238 1471 1324 1503; x_wconf 88' lang='lat' dir='ltr'>ribus</span> <span class='ocrx_word' id='word_1_385' title='bbox 1354 1471 1541 1514; x_wconf 86' lang='lat' dir='ltr'>supradietis</span> <span class='ocrx_word' id='word_1_386' title='bbox 1570 1473 1832 1506; x_wconf 83' lang='lat' dir='ltr'>monasteriorum</span> <span class='ocrx_word' id='word_1_387' title='bbox 1849 1472 1974 1505; x_wconf 90' lang='lat' dir='ltr'>monia-</span> 
     </span>
     <span class='ocr_line' id='line_1_79' title="bbox 1238 1524 1977 1570; baseline 0.003 -14"><span class='ocrx_word' id='word_1_388' title='bbox 1238 1524 1313 1556; x_wconf 92' lang='lat' dir='ltr'>lium</span> <span class='ocrx_word' id='word_1_389' title='bbox 1335 1525 1455 1557; x_wconf 90' lang='lat' dir='ltr'>nullum</span> <span class='ocrx_word' id='word_1_390' title='bbox 1486 1525 1542 1566; x_wconf 89' lang='lat' dir='ltr'>ius,</span> <span class='ocrx_word' id='word_1_391' title='bbox 1567 1536 1605 1558; x_wconf 90' lang='lat' dir='ltr'>ne</span> <span class='ocrx_word' id='word_1_392' title='bbox 1630 1526 1754 1570; x_wconf 89' lang='lat' dir='ltr'>quidem</span> <span class='ocrx_word' id='word_1_393' title='bbox 1780 1526 1977 1566; x_wconf 87' lang='lat' dir='ltr'>cumulative,</span> 
     </span>
     <span class='ocr_line' id='line_1_80' title="bbox 1238 1577 1977 1623; baseline 0.003 -14"><span class='ocrx_word' id='word_1_394' title='bbox 1238 1577 1380 1609; x_wconf 87' lang='lat' dir='ltr'>visitandi</span> <span class='ocrx_word' id='word_1_395' title='bbox 1396 1577 1504 1610; x_wconf 88' lang='lat' dir='ltr'>eadem</span> <span class='ocrx_word' id='word_1_396' title='bbox 1518 1579 1707 1612; x_wconf 86' lang='lat' dir='ltr'>monasteria</span> <span class='ocrx_word' id='word_1_397' title='bbox 1721 1583 1911 1623; x_wconf 87' lang='lat' dir='ltr'>competere,</span> <span class='ocrx_word' id='word_1_398' title='bbox 1923 1578 1977 1612; x_wconf 88' lang='lat' dir='ltr'>sed</span> 
     </span>
     <span class='ocr_line' id='line_1_81' title="bbox 1238 1630 1978 1676; baseline 0.004 -14"><span class='ocrx_word' id='word_1_399' title='bbox 1238 1630 1339 1663; x_wconf 90' lang='lat' dir='ltr'>solum</span> <span class='ocrx_word' id='word_1_400' title='bbox 1379 1630 1680 1664; x_wconf 81' lang='lat' dir='ltr'>administrationem</span> <span class='ocrx_word' id='word_1_401' title='bbox 1717 1633 1911 1676; x_wconf 88' lang='lat' dir='ltr'>spiritualem</span> <span class='ocrx_word' id='word_1_402' title='bbox 1948 1636 1978 1664; x_wconf 85' lang='lat' dir='ltr'>et</span> 
     </span>
     <span class='ocr_line' id='line_1_82' title="bbox 1239 1683 1976 1727; baseline 0.004 -12"><span class='ocrx_word' id='word_1_403' title='bbox 1239 1683 1442 1727; x_wconf 88' lang='lat' dir='ltr'>temporalem</span> <span class='ocrx_word' id='word_1_404' title='bbox 1478 1683 1618 1727; x_wconf 90' lang='lat' dir='ltr'>ipsorum</span> <span class='ocrx_word' id='word_1_405' title='bbox 1651 1685 1914 1718; x_wconf 82' lang='lat' dir='ltr'>monasteriorum</span> <span class='ocrx_word' id='word_1_406' title='bbox 1938 1684 1976 1717; x_wconf 89' lang='lat' dir='ltr'>ad</span> 
     </span>
     <span class='ocr_line' id='line_1_83' title="bbox 1238 1737 1976 1781; baseline 0.004 -12"><span class='ocrx_word' id='word_1_407' title='bbox 1238 1747 1291 1770; x_wconf 89' lang='lat' dir='ltr'>eos</span> <span class='ocrx_word' id='word_1_408' title='bbox 1305 1742 1446 1781; x_wconf 89' lang='lat' dir='ltr'>spectare</span> <span class='ocrx_word' id='word_1_409' title='bbox 1471 1737 1669 1772; x_wconf 87' lang='lat' dir='ltr'>decrevimus</span> <span class='ocrx_word' id='word_1_410' title='bbox 1686 1744 1716 1771; x_wconf 88' lang='lat' dir='ltr'>et</span> <span class='ocrx_word' id='word_1_411' title='bbox 1736 1739 1976 1779; x_wconf 86' lang='lat' dir='ltr'>declaravimus,</span> 
     </span>
     <span class='ocr_line' id='line_1_84' title="bbox 1238 1790 1977 1835; baseline 0.004 -12"><span class='ocrx_word' id='word_1_412' title='bbox 1238 1790 1462 1835; x_wconf 88' lang='lat' dir='ltr'>decretumque</span> <span class='ocrx_word' id='word_1_413' title='bbox 1488 1797 1517 1824; x_wconf 89' lang='lat' dir='ltr'>et</span> <span class='ocrx_word' id='word_1_414' title='bbox 1541 1792 1785 1826; x_wconf 83' lang='lat' dir='ltr'>declarationem</span> <span class='ocrx_word' id='word_1_415' title='bbox 1813 1793 1977 1826; x_wconf 91' lang='lat' dir='ltr'>huiusmo-</span> 
     </span>
     <span class='ocr_line' id='line_1_85' title="bbox 1238 1843 1978 1880; baseline 0.003 -4"><span class='ocrx_word' id='word_1_416' title='bbox 1238 1843 1266 1876; x_wconf 91' lang='lat' dir='ltr'>di</span> <span class='ocrx_word' id='word_1_417' title='bbox 1285 1844 1342 1876; x_wconf 90' lang='lat' dir='ltr'>sub</span> <span class='ocrx_word' id='word_1_418' title='bbox 1360 1845 1693 1878; x_wconf 84' lang='lat' dir='ltr'>excommunicationis</span> <span class='ocrx_word' id='word_1_419' title='bbox 1711 1846 1789 1880; x_wconf 88' lang='lat' dir='ltr'>latae</span> <span class='ocrx_word' id='word_1_420' title='bbox 1806 1846 1978 1879; x_wconf 87' lang='lat' dir='ltr'>sententiae</span> 
     </span>
     <span class='ocr_line' id='line_1_86' title="bbox 1238 1899 1976 1943; baseline 0.004 -14"><span class='ocrx_word' id='word_1_421' title='bbox 1238 1899 1338 1940; x_wconf 76' lang='lat' dir='ltr'>poena</span> <span class='ocrx_word' id='word_1_422' title='bbox 1348 1909 1404 1941; x_wconf 87' lang='lat' dir='ltr'>per</span> <span class='ocrx_word' id='word_1_423' title='bbox 1414 1908 1521 1931; x_wconf 87' lang='lat' dir='ltr'>omnes</span> <span class='ocrx_word' id='word_1_424' title='bbox 1535 1904 1565 1931; x_wconf 89' lang='lat' dir='ltr'>et</span> <span class='ocrx_word' id='word_1_425' title='bbox 1578 1899 1715 1942; x_wconf 84' lang='lat' dir='ltr'>singulas</span> <span class='ocrx_word' id='word_1_426' title='bbox 1728 1909 1888 1943; x_wconf 87' lang='lat' dir='ltr'>personas,</span> <span class='ocrx_word' id='word_1_427' title='bbox 1897 1909 1976 1943; x_wconf 87' lang='lat' dir='ltr'>quae</span> 
     </span>
     <span class='ocr_line' id='line_1_87' title="bbox 1238 1950 1973 1996; baseline 0.004 -14"><span class='ocrx_word' id='word_1_428' title='bbox 1238 1950 1298 1982; x_wconf 86' lang='lat' dir='ltr'>illis</span> <span class='ocrx_word' id='word_1_429' title='bbox 1317 1952 1427 1993; x_wconf 85' lang='lat' dir='ltr'>quovis</span> <span class='ocrx_word' id='word_1_430' title='bbox 1453 1951 1546 1984; x_wconf 89' lang='lat' dir='ltr'>modo</span> <span class='ocrx_word' id='word_1_431' title='bbox 1563 1952 1816 1985; x_wconf 85' lang='lat' dir='ltr'>contravenerint</span> <span class='ocrx_word' id='word_1_432' title='bbox 1838 1952 1905 1996; x_wconf 87' lang='lat' dir='ltr'>ipso</span> <span class='ocrx_word' id='word_1_433' title='bbox 1929 1952 1973 1985; x_wconf 85' lang='lat' dir='ltr'>l&#39;a-</span> 
     </span>
     <span class='ocr_line' id='line_1_88' title="bbox 1238 2004 1976 2047; baseline 0.003 -12"><span class='ocrx_word' id='word_1_434' title='bbox 1238 2008 1287 2035; x_wconf 88' lang='lat' dir='ltr'>cto</span> <span class='ocrx_word' id='word_1_435' title='bbox 1302 2004 1499 2047; x_wconf 75' lang='lat' dir='ltr'>incurrenda,</span> <span class='ocrx_word' id='word_1_436' title='bbox 1511 2004 1773 2038; x_wconf 83' lang='lat' dir='ltr'>inviolabiliteret</span> <span class='ocrx_word' id='word_1_437' title='bbox 1793 2005 1976 2038; x_wconf 90' lang='lat' dir='ltr'>inconcusse</span> 
     </span>
     <span class='ocr_line' id='line_1_89' title="bbox 1238 2056 1976 2102; baseline 0.004 -14"><span class='ocrx_word' id='word_1_438' title='bbox 1238 2056 1398 2090; x_wconf 87' lang='lat' dir='ltr'>observari</span> <span class='ocrx_word' id='word_1_439' title='bbox 1412 2058 1651 2102; x_wconf 81' lang='lat' dir='ltr'>praecepimus³</span> <span class='ocrx_word' id='word_1_440' title='bbox 1665 2064 1695 2091; x_wconf 91' lang='lat' dir='ltr'>et</span> <span class='ocrx_word' id='word_1_441' title='bbox 1708 2059 1935 2100; x_wconf 89' lang='lat' dir='ltr'>mandavimus,</span> <span class='ocrx_word' id='word_1_442' title='bbox 1946 2063 1976 2091; x_wconf 88' lang='lat' dir='ltr'>et</span> 
     </span>
     <span class='ocr_line' id='line_1_90' title="bbox 1237 2109 1976 2155; baseline 0.004 -14"><span class='ocrx_word' id='word_1_443' title='bbox 1237 2109 1311 2142; x_wconf 77' lang='lat' dir='ltr'>alias</span> <span class='ocrx_word' id='word_1_444' title='bbox 1343 2117 1436 2154; x_wconf 88' lang='lat' dir='ltr'>prout</span> <span class='ocrx_word' id='word_1_445' title='bbox 1470 2111 1499 2143; x_wconf 94' lang='lat' dir='ltr'>in</span> <span class='ocrx_word' id='word_1_446' title='bbox 1524 2111 1639 2145; x_wconf 88' lang='lat' dir='ltr'>nostris</span> <span class='ocrx_word' id='word_1_447' title='bbox 1665 2113 1783 2155; x_wconf 87' lang='lat' dir='ltr'>pariter</span> <span class='ocrx_word' id='word_1_448' title='bbox 1813 2112 1843 2144; x_wconf 92' lang='lat' dir='ltr'>in</span> <span class='ocrx_word' id='word_1_449' title='bbox 1875 2112 1976 2145; x_wconf 69' lang='lat' dir='ltr'>forma</span> 
     </span>
     <span class='ocr_line' id='line_1_91' title="bbox 1238 2163 1974 2209; baseline 0.003 -14"><span class='ocrx_word' id='word_1_450' title='bbox 1238 2163 1343 2195; x_wconf 86' lang='lat' dir='ltr'>Brevis</span> <span class='ocrx_word' id='word_1_451' title='bbox 1367 2164 1417 2196; x_wconf 90' lang='lat' dir='ltr'>die</span> <span class='ocrx_word' id='word_1_452' title='bbox 1435 2174 1489 2198; x_wconf 86' lang='lat' dir='ltr'>x111</span> <span class='ocrx_word' id='word_1_453' title='bbox 1507 2164 1637 2197; x_wconf 88' lang='lat' dir='ltr'>ianuarii</span> <span class='ocrx_word' id='word_1_454' title='bbox 1658 2165 1799 2208; x_wconf 83' lang='lat' dir='ltr'>proxime</span> <span class='ocrx_word' id='word_1_455' title='bbox 1815 2164 1974 2209; x_wconf 89' lang='lat' dir='ltr'>praeteriti</span> 
     </span>
     <span class='ocr_line' id='line_1_92' title="bbox 1237 2216 1737 2260; baseline 0.004 -11"><span class='ocrx_word' id='word_1_456' title='bbox 1237 2216 1389 2260; x_wconf 84' lang='lat' dir='ltr'>expeditis</span> <span class='ocrx_word' id='word_1_457' title='bbox 1414 2218 1525 2251; x_wconf 89' lang='lat' dir='ltr'>litteris</span> <span class='ocrx_word' id='word_1_458' title='bbox 1550 2218 1737 2251; x_wconf 88' lang='lat' dir='ltr'>continetur.</span> 
     </span>
    </p>

    <p class='ocr_par' dir='ltr' id='par_1_13' title="bbox 1236 2270 1975 2412">
     <span class='ocr_line' id='line_1_93' title="bbox 1280 2270 1975 2316; baseline 0.004 -14"><span class='ocrx_word' id='word_1_459' title='bbox 1280 2270 1323 2303; x_wconf 88' lang='lat' dir='ltr'>Ae</span> <span class='ocrx_word' id='word_1_460' title='bbox 1348 2270 1474 2303; x_wconf 86' lang='lat' dir='ltr'>demum</span> <span class='ocrx_word' id='word_1_461' title='bbox 1500 2282 1558 2315; x_wconf 86' lang='lat' dir='ltr'>per</span> <span class='ocrx_word' id='word_1_462' title='bbox 1577 2281 1634 2304; x_wconf 91' lang='lat' dir='ltr'>nos</span> <span class='ocrx_word' id='word_1_463' title='bbox 1654 2276 1793 2315; x_wconf 86' lang='lat' dir='ltr'>accepto,</span> <span class='ocrx_word' id='word_1_464' title='bbox 1811 2271 1904 2316; x_wconf 87' lang='lat' dir='ltr'>quod,</span> <span class='ocrx_word' id='word_1_465' title='bbox 1925 2271 1975 2305; x_wconf 86' lang='lat' dir='ltr'>de-</span> 
     </span>
     <span class='ocr_line' id='line_1_94' title="bbox 1236 2323 1973 2365; baseline 0.004 -10"><span class='ocrx_word' id='word_1_466' title='bbox 1236 2323 1341 2357; x_wconf 82' lang='lat' dir='ltr'>functo</span> <span class='ocrx_word' id='word_1_467' title='bbox 1359 2323 1472 2357; x_wconf 86' lang='lat' dir='ltr'>Iacobo</span> <span class='ocrx_word' id='word_1_468' title='bbox 1489 2324 1636 2365; x_wconf 86' lang='lat' dir='ltr'>Charton,</span> <span class='ocrx_word' id='word_1_469' title='bbox 1653 2325 1727 2357; x_wconf 91' lang='lat' dir='ltr'>dum</span> <span class='ocrx_word' id='word_1_470' title='bbox 1749 2324 1832 2365; x_wconf 83' lang='lat' dir='ltr'>vixit,</span> <span class='ocrx_word' id='word_1_471' title='bbox 1849 2335 1912 2358; x_wconf 90' lang='lat' dir='ltr'>uno</span> <span class='ocrx_word' id='word_1_472' title='bbox 1936 2335 1973 2358; x_wconf 87' lang='lat' dir='ltr'>ex</span> 
     </span>
     <span class='ocr_line' id='line_1_95' title="bbox 1236 2377 1975 2412; baseline 0.003 -2"><span class='ocrx_word' id='word_1_473' title='bbox 1236 2377 1336 2410; x_wconf 90' lang='lat' dir='ltr'>tribus</span> <span class='ocrx_word' id='word_1_474' title='bbox 1353 2377 1530 2411; x_wconf 85' lang='lat' dir='ltr'>rectoribus</span> <span class='ocrx_word' id='word_1_475' title='bbox 1543 2383 1573 2410; x_wconf 87' lang='lat' dir='ltr'>et</span> <span class='ocrx_word' id='word_1_476' title='bbox 1585 2378 1892 2412; x_wconf 86' lang='lat' dir='ltr'>administratoribus</span> <span class='ocrx_word' id='word_1_477' title='bbox 1910 2388 1975 2412; x_wconf 90' lang='lat' dir='ltr'>mo-</span> 
     </span>
    </p>
   </div>
   <div class='ocr_carea' id='block_1_13' title="bbox 1235 2465 1972 2635">
    <p class='ocr_par' dir='ltr' id='par_1_14' title="bbox 1272 2465 1758 2502">
     <span class='ocr_line' id='line_1_96' title="bbox 1272 2465 1758 2502; baseline 0.002 -10"><span class='ocrx_word' id='word_1_478' title='bbox 1272 2467 1283 2492; x_wconf 79' lang='lat'><strong>1</strong></span> <span class='ocrx_word' id='word_1_479' title='bbox 1306 2465 1399 2493; x_wconf 88' lang='lat' dir='ltr'>Potius</span> <span class='ocrx_word' id='word_1_480' title='bbox 1419 2466 1478 2501; x_wconf 82' lang='lat' dir='ltr'>lege</span> <span class='ocrx_word' id='word_1_481' title='bbox 1497 2467 1644 2501; x_wconf 77' lang='lat' dir='ltr'>cupientes</span> <span class='ocrx_word' id='word_1_482' title='bbox 1657 2467 1695 2502; x_wconf 78' lang='lat' dir='ltr'>(R.</span> <span class='ocrx_word' id='word_1_483' title='bbox 1710 2468 1758 2500; x_wconf 82' lang='lat' dir='ltr'>T.).</span> 
     </span>
    </p>

    <p class='ocr_par' dir='ltr' id='par_1_15' title="bbox 1235 2510 1972 2591">
     <span class='ocr_line' id='line_1_97' title="bbox 1271 2510 1972 2547; baseline 0.003 -11"><span class='ocrx_word' id='word_1_484' title='bbox 1271 2510 1286 2536; x_wconf 75' lang='lat'><strong>2</strong></span> <span class='ocrx_word' id='word_1_485' title='bbox 1306 2511 1377 2537; x_wconf 88' lang='lat' dir='ltr'>Male</span> <span class='ocrx_word' id='word_1_486' title='bbox 1397 2515 1427 2537; x_wconf 83' lang='lat' dir='ltr'>ut</span> <span class='ocrx_word' id='word_1_487' title='bbox 1442 2515 1505 2546; x_wconf 89' lang='lat' dir='ltr'>puto</span> <span class='ocrx_word' id='word_1_488' title='bbox 1521 2511 1564 2538; x_wconf 88' lang='lat' dir='ltr'>ed.</span> <span class='ocrx_word' id='word_1_489' title='bbox 1582 2511 1664 2538; x_wconf 63' lang='grc' dir='ltr'>Μαίη.</span> <span class='ocrx_word' id='word_1_490' title='bbox 1687 2511 1752 2547; x_wconf 84' lang='lat' dir='ltr'>legit</span> <span class='ocrx_word' id='word_1_491' title='bbox 1771 2511 1907 2547; x_wconf 80' lang='lat' dir='ltr'>patribus</span> <span class='ocrx_word' id='word_1_492' title='bbox 1925 2519 1972 2538; x_wconf 86' lang='lat' dir='ltr'>eo-</span> 
     </span>
     <span class='ocr_line' id='line_1_98' title="bbox 1235 2555 1866 2591; baseline 0.003 -10"><span class='ocrx_word' id='word_1_493' title='bbox 1235 2563 1359 2589; x_wconf 77' lang='lat' dir='ltr'>rumque</span> <span class='ocrx_word' id='word_1_494' title='bbox 1375 2563 1422 2590; x_wconf 88' lang='lat' dir='ltr'>pro</span> <span class='ocrx_word' id='word_1_495' title='bbox 1436 2555 1571 2589; x_wconf 77' lang='lat' dir='ltr'>partibus</span> <span class='ocrx_word' id='word_1_496' title='bbox 1586 2564 1746 2591; x_wconf 78' lang='lat' dir='ltr'>earumque</span> <span class='ocrx_word' id='word_1_497' title='bbox 1763 2558 1801 2591; x_wconf 75' lang='lat' dir='ltr'>(a.</span> <span class='ocrx_word' id='word_1_498' title='bbox 1817 2556 1866 2591; x_wconf 79' lang='grc' dir='ltr'>Τ.).</span> 
     </span>
    </p>

    <p class='ocr_par' dir='ltr' id='par_1_16' title="bbox 1271 2598 1873 2635">
     <span class='ocr_line' id='line_1_99' title="bbox 1271 2598 1873 2635; baseline 0.002 -10"><span class='ocrx_word' id='word_1_499' title='bbox 1271 2599 1287 2625; x_wconf 88' lang='grc'>3</span> <span class='ocrx_word' id='word_1_500' title='bbox 1302 2598 1371 2625; x_wconf 83' lang='lat' dir='ltr'>Edit.</span> <span class='ocrx_word' id='word_1_501' title='bbox 1390 2599 1467 2626; x_wconf 72' lang='lat' dir='ltr'>lllain.</span> <span class='ocrx_word' id='word_1_502' title='bbox 1485 2599 1548 2634; x_wconf 69' lang='lat' dir='ltr'>tegit</span> <span class='ocrx_word' id='word_1_503' title='bbox 1560 2600 1759 2635; x_wconf 74' lang='lat' dir='ltr'>praecipimus</span> <span class='ocrx_word' id='word_1_504' title='bbox 1773 2600 1810 2634; x_wconf 74' lang='lat' dir='ltr'>(R.</span> <span class='ocrx_word' id='word_1_505' title='bbox 1826 2600 1873 2634; x_wconf 55' lang='grc' dir='ltr'>Γ).</span> 
     </span>
    </p>
   </div>
   <div class='ocr_carea' id='block_1_14' title="bbox 1987 203 2208 245">
    <p class='ocr_par' dir='ltr' id='par_1_17' title="bbox 1987 203 2208 245">
     <span class='ocr_line' id='line_1_100' title="bbox 1987 203 2208 245; baseline 0.018 -17"><span class='ocrx_word' id='word_1_506' title='bbox 1987 203 2036 229; x_wconf 75' lang='lat' dir='ltr'>An.</span> <span class='ocrx_word' id='word_1_507' title='bbox 2057 203 2084 230; x_wconf 72' lang='lat' dir='ltr'>C.</span> <span class='ocrx_word' id='word_1_508' title='bbox 2099 205 2165 236; x_wconf 80' lang='grc'><strong>1660</strong></span> <span class='ocrx_word' id='word_1_509' title='bbox 2205 221 2208 245; x_wconf 55' lang='lat'><strong>3</strong></span> 
     </span>
    </p>
   </div>
   <div class='ocr_carea' id='block_1_15' title="bbox 1989 2276 2164 2330">
    <p class='ocr_par' dir='ltr' id='par_1_18' title="bbox 1989 2276 2164 2330">
     <span class='ocr_line' id='line_1_101' title="bbox 2009 2276 2164 2298; baseline -0.006 0"><span class='ocrx_word' id='word_1_510' title='bbox 2009 2276 2164 2298; x_wconf 72' lang='lat' dir='ltr'>eontravonion·</span> 
     </span>
     <span class='ocr_line' id='line_1_102' title="bbox 1989 2304 2140 2330; baseline -0.013 -4"><span class='ocrx_word' id='word_1_511' title='bbox 1989 2304 2039 2326; x_wconf 85' lang='lat' dir='ltr'>tium</span> <span class='ocrx_word' id='word_1_512' title='bbox 2055 2309 2140 2330; x_wconf 69' lang='lat' dir='ltr'>poenae.</span> 
     </span>
    </p>
   </div>
  </div>
 </body>
</html>
