2263 3215
280 198 463 226 An.c.tss56

301 525 425 546 Praesentes
437 525 464 544 cs·

281 552 464 573 1';=ct=11nnb1‹uure

281 580 355 601 decem
370 579 396 598 ab
415 585 464 603 aps-

281 609 356 626 titione
373 605 465 624 tribum-

283 634 330 652 l>um
355 632 400 652 dies
429 633 438 648 ι’

281 661 354 679 ceiutt.

297 1086 300 1088 Β
312 1058 423 1079 Decretum
442 1063 468 1078 tr-

285 1089 357 1105 rizans.

445 641 464 651 ι-
480 619 618 662 aliasque
642 619 766 652 ultimas
787 620 962 652 voluntates
987 625 1016 651 et
1040 618 1217 662 dispositio-

508 189 572 223 ‘2230
1055 196 1234 222 wamma

479 251 522 281 tas
548 247 637 291 plene
655 252 685 279 et
702 246 833 289 integre,
854 245 931 278 nihil
951 245 1075 290 penitus
1089 246 1216 286 omisso,

479 305 599 332 servata
624 299 740 341 fuisset,
767 303 863 339 motu,
889 298 1036 339 scientia,
1061 298 1215 332 delibera-

479 353 561 386 tione
581 380 588 392 ,
621 352 782 396 potestatis
817 351 1011 395 plenitudiue
1046 357 1076 384 et
1109 358 1216 385 tenore

478 405 655 449 praedictis,
673 406 848 446 statuimus,
869 405 1068 438 decernimus
1089 412 1118 437 et
1135 406 1216 438 ordi-

479 469 598 491 namus.
1233 459 1235 473 ³

523 513 538 555 ἓ
558 512 586 544 4.
608 512 752 546 Ceterum
771 518 952 556 praesentes
969 513 1096 553 litteras,
1115 512 1217 555 quoad

480 566 700 599 translationes
742 566 928 609 pensionum
961 571 991 598 et
1035 570 1218 598 testamenta

480 683 545 713 nes,
570 683 660 717 quae,
678 673 777 707 donec
798 673 890 706 Urbis
913 673 1093 716 praedictae
1119 668 1236 704 tribu-i

479 727 570 768 nalia,
595 738 674 771 quae
698 738 780 760 nunc
805 728 891 760 iussu
916 732 1024 759 nostro
1050 726 1154 758 clausa
1173 736 1219 758 re-

480 781 656 823 periuntur,
681 781 774 813 simili
801 781 888 813 iussu
914 780 1004 823 plene
1025 784 1054 811 et
1071 779 1100 811 in
1120 773 1237 812 totum'

480 839 586 877 aperta
613 834 736 874 fuerint,
761 844 796 866 ac
820 844 877 877 per
901 833 1009 865 decem
1030 833 1096 865 dies
1114 832 1221 864 imme-

481 887 563 919 diate
577 892 751 930 sequentes,
767 886 941 930 respective
962 886 1046 927 sient,
1061 885 1220 918 dumtaxat

482 939 627 972 effectum
660 939 801 972 obtinere
828 939 970 972 volumus
995 944 1024 972 et
1055 938 1221 972 statuimus

483 993 591 1026 itidem
617 998 646 1025 et
670 992 877 1025 declaramus

527 1046 542 1089 ἓ
566 1045 594 1078 5.
620 1046 828 1079 Deceruentes
851 1045 970 1089 pariter
990 1045 1115 1078 easdem
1135 1055 1222 1089 prae-

483 1104 606 1139 sentes,
632 1103 661 1130 et
687 1098 717 1130 in
741 1098 786 1131 eis
810 1103 954 1131 contenta
984 1109 1200 1142 quaecumque
1215 1125 1222 1139 ‚

484 1152 575 1185 etiam
594 1162 628 1184 ex
651 1162 688 1184 eo
713 1151 796 1194 quod
822 1152 1023 1195 quicumque,
1046 1151 1138 1184 etiam
1157 1162 1224 1195 spe-

484 1205 552 1238 ciali
586 1207 658 1238 nota
694 1211 724 1238 ct
760 1206 961 1249 expressione
990 1205 1098 1249 digni,
1130 1206 1221 1238 etiam

484 1259 677 1302 episcopali,
702 1259 981 1303 archiepiscopali,
1007 1259 1202 1292 cardinalitia
1216 1287 1223 1299 ,

483 1316 537 1346 aut
550 1313 610 1345 alia
623 1312 762 1356 qualibet
776 1313 987 1345 ecclesiastica
1004 1313 1049 1345 vel
1066 1313 1224 1345 mundana

485 1419 587 1451 missis
602 1420 751 1452 interesse
773 1419 933 1459 babentes,
949 1430 1002 1452 seu
1020 1419 1137 1452 habere
1152 1430 1226 1463 quo-

486 1472 656 1505 modolibet
687 1472 946 1516 praetendentes,
978 1473 1038 1504 illis
1063 1483 1124 1505 nou
1150 1483 1224 1505 con-

486 1526 649 1566 senserint,
674 1532 726 1558 aut
747 1526 784 1558 ad
809 1537 845 1559 ea
871 1527 970 1560 vocati
995 1530 1024 1559 ct
1044 1526 1150 1567 auditi,
1172 1537 1226 1559 seu

486 1591 607 1621 causae,
619 1586 749 1624 propter
763 1591 839 1624 quas
856 1580 940 1623 ipsae
953 1583 1133 1623 praesentes
1147 1589 1228 1612 ema-

486 1637 607 1675 narunt,
620 1632 782 1674 adductae,
795 1633 970 1665 verificatae
982 1638 1033 1665 aut
1044 1632 1227 1665 iustificatae

486 1686 663 1719 nullatenus
683 1686 808 1728 fuerint,
823 1692 874 1719 aut
888 1696 924 1718 ex
942 1686 999 1718 alia
1019 1696 1227 1729 quacumque,

486 1739 684 1782 quantumvis
710 1739 853 1779 iuridica,
879 1739 939 1783 pia,
959 1739 1099 1782 legitima
1118 1744 1148 1772 et
1166 1739 1227 1782 pri-

486 1792 629 1836 vilegiata
645 1793 749 1833 causa,
763 1797 936 1836 praetextu,
953 1793 1059 1825 colore
1073 1797 1102 1825 et
1116 1792 1227 1836 capite,

487 1845 579 1878 etiam
605 1845 636 1878 in
654 1856 790 1889 corpore
805 1846 881 1878 iuris
899 1846 1016 1887 clauso,
1031 1846 1124 1877 etiam
1139 1856 1228 1878 enor-

488 1899 556 1939 mis,
567 1899 803 1932 enormissimac
814 1904 843 1931 et
857 1898 959 1932 totalis
973 1899 1129 1939 laesionis,
1141 1899 1227 1931 nullo

489 1962 626 1995 unquam
654 1958 795 1996 tempore
820 1952 858 1984 de
882 1952 1096 1996 subreptionis
1113 1952 1160 1984 vel
1177 1951 1228 1985 ob-

488 2006 639 2049 reptionis
671 2005 766 2046 vitio,
792 2011 844 2038 aut
870 2005 1050 2038 intentionis
1081 2011 1226 2046 nostrae,

489 2059 536 2092 vel
564 2059 715 2092 interesse
739 2059 921 2093 habentium
947 2070 1139 2100 consensus,
1174 2070 1226 2092 seu

488 2112 549 2146 alio
566 2113 706 2156 quolibet
723 2113 922 2156 quantumvis
944 2123 1068 2156 magno,
1086 2113 1228 2146 substan-

490 2165 552 2197 tiali
578 2171 607 2198 et
632 2165 862 2208 inexcogitabili
888 2165 1011 2198 defectu
1036 2165 1148 2208 notari,
1172 2166 1228 2198 im-

488 2219 633 2262 pugnari,
659 2218 836 2261 invalidari,
863 2219 1027 2262 restringi,
1055 2219 1227 2260 retractari,

489 2272 526 2306 ad
553 2273 633 2305 viam
660 2283 713 2305 scu
739 2272 890 2306 terminos
916 2272 992 2306 iuris
1018 2272 1144 2312 reduci,
1177 2277 1230 2305 aut

489 2326 637 2359 adversus
662 2326 730 2359 illas
756 2326 961 2359 restitutionis
985 2326 1015 2358 in
1050 2326 1228 2369 integrum,

489 2379 672 2422 aperitionis
697 2379 783 2420 oris,
815 2385 869 2411 aut
901 2379 983 2411 aliud
1009 2379 1230 2423 quodcumque

489 2432 586 2472 iuris,
614 2432 682 2465 facti
709 2433 754 2464 vel
781 2432 900 2474 gratiae
925 2432 1099 2465 remedium
1125 2432 1226 2475 impe-

492 2485 589 2525 trari,
622 2492 670 2518 aut
707 2486 894 2529 impetrato,
929 2487 976 2517 vel
1002 2486 1094 2518 etiam
1122 2490 1228 2527 motu,

491 2539 631 2579 scientia,
648 2539 873 2573 deliberatione
898 2544 927 2571 et
953 2540 1115 2583 potestatis
1132 2539 1233 2582 pleni-

492 2592 598 2626 tudine
634 2592 762 2636 paribus
788 2602 959 2631 concesso,
985 2593 1165 2636 quempiam
1201 2593 1231 2625 in

1258 195 1412 222 ROMANUM

1250 245 1365 278 iudicio
1390 244 1436 277 vel
1462 248 1549 276 extra
1573 241 1649 275 illud
1674 241 1718 275 uti
1743 251 1798 274 seu
1818 251 1849 274 se
1881 240 1988 274 iuvare

1250 309 1351 342 posse,
1371 297 1425 330 sed
1451 297 1534 340 ipsas
1557 299 1740 339 praesentes
1764 294 1888 335 firmas,
1913 294 1988 327 vali-

1250 351 1304 384 das
1329 355 1359 383 et
1383 349 1524 383 efficaces
1549 348 1681 381 existere
1706 352 1735 381 et
1760 347 1836 388 fore,
1856 358 1891 380 ac
1917 347 1988 388 illis,

1250 404 1288 436 ad
1313 413 1391 447 quos
1417 407 1534 446 spectat
1551 407 1581 434 et
1597 412 1655 445 pro
1670 406 1811 445 ternpore
1825 399 1988 444 spectabit,

1252 455 1433 501 plenissime
1458 454 1635 498 suffragari,

1998 192 2182 232 Αη.ῦ.4ἂῇ

1296 509 1310 553 ξ
1334 509 1363 543 6.
1389 508 1502 552 Sicque
1520 513 1549 540 et
1573 518 1635 540 non
1652 507 1742 540 aliter
1760 506 1791 539 in
1807 505 1990 551 praemissis
2031 518 2184 545 mansuum-

1252 574 1308 607 per
1325 572 1542 607 quoscumque
1559 561 1678 595 iudices
1695 560 1872 594 ordinarios
1889 565 1919 592 et
1935 559 1989 593 de-

1252 617 1381 659 legatos,
1395 616 1486 649 etiam
1513 625 1679 649 causarum
1698 613 1804 658 palatii
1825 612 1990 657 apostolici

1252 669 1422 709 auditores,
1447 674 1477 701 et
1501 674 1624 701 sanctae
1650 668 1808 701 Romanae
1834 666 1992 700 Ecclesiae

1235 723 1437 772 ¹cardinales,
1462 723 1556 756 etiam
1582 723 1619 755 de
1643 722 1739 754 latere
1764 721 1894 764 legatos,
1922 730 1993 755 neo-

1253 787 1315 809 non
1351 787 1567 820 quoscumque
1601 775 1701 808 dictae
1739 774 1831 807 Urbis
1863 774 1992 817 eiusque

1254 830 1414 863 districtus
1440 840 1475 862 ac
1497 839 1640 862 camerae
1660 833 1787 861 nostrae
1804 826 1993 872 apostolicae

1255 883 1373 916 iudices
1394 888 1424 915 et
1449 882 1597 915 officiales
1617 892 1652 915 ac
1677 881 1837 914 ministros
1860 884 1891 914 et
1916 879 1994 913 alios

1255 937 1411 980 quoslibet
1435 935 1544 979 quavis
1568 935 1752 968 auctoritate
1787 939 1817 967 et
1840 938 1994 978 potestate

1255 990 1420 1032 fungentes
1446 994 1475 1021 et
1500 988 1673 1029 functuros,
1687 987 1808 1020 sublata
1829 987 1873 1019 eis
1896 992 1927 1019 et
1946 996 1995 1020 eo-

1257 1054 1325 1076 rum
1358 1042 1486 1075 cuilibet
1514 1041 1624 1086 quavis
1655 1041 1745 1074 aliter
1778 1039 1935 1072 iudicandi
1964 1044 1995 1072 et

1256 1095 1481 1141 interpretandi
1503 1095 1647 1128 facultate
1669 1100 1698 1127 et
1725 1093 1926 1134 auctoritate,
1952 1092 1996 1125 iu-

1256 1150 1354 1183 dicari
1379 1155 1409 1182 et
1432 1148 1555 1181 definiri
1580 1147 1716 1189 debere,
1743 1158 1778 1180 ac
1813 1147 1937 1181 irritum
1966 1151 1995 1178 et

1257 1203 1370 1243 inane,
1399 1202 1424 1235 si
1449 1212 1537 1235 secus
1570 1211 1663 1245 super
1692 1200 1740 1233 his
1768 1210 1785 1232 a
1815 1209 1995 1243 quoquam,

1257 1257 1366 1301 quavis
1380 1256 1573 1296 auctoritate,
1588 1254 1722 1287 scienter
1738 1253 1784 1286 vel
1803 1253 1995 1296 ignoranter,

1240 1310 1424 1353 ¹contigerit
1449 1309 1601 1343 attentari.

484 1365 636 1408 dignitate
660 1365 793 1409 praediti
826 1370 855 1397 et
887 1366 1051 1408 fulgentes,
1076 1366 1105 1397 in
1134 1376 1242 1409 prae-¹

1303 1365 1317 1407 ἓ
1342 1363 1370 1396 7.
1395 1363 1463 1396 Non
1488 1361 1685 1395 obstantibus
1716 1360 1915 1404 praemissis,
1939 1370 1996 1400 ac,

1258 1423 1411 1462 quatenus
1436 1427 1515 1460 opus
1539 1416 1597 1455 sit,
1618 1415 1655 1447 de
1680 1425 1742 1448 non
1767 1413 1905 1447 tollendo
1929 1413 1997 1446 iure

1259 1472 1410 1516 quaesito,
1429 1477 1458 1503 et
1475 1470 1559 1514 quod
1585 1469 1758 1502 cardinales
1778 1478 1840 1501 non
1858 1477 2000 1512 compre:

1260 1525 1436 1558 bendantur
1470 1525 1500 1556 in
1531 1522 1804 1557 constitutionibus
1831 1521 1998 1563 faciendis,

1261 1579 1391 1622 aliisque
1408 1577 1525 1611 nostris
1540 1582 1569 1610 et
1587 1576 1790 1609 cancellariae
1810 1574 2000 1619 apostolicae

1261 1632 1390 1675 regulis,
1408 1642 1443 1664 ac
1468 1629 1654 1663 recolendae
1679 1629 1850 1662 memoriae
1875 1628 1919 1661 Pii
1944 1627 2000 1660 Pa-

1261 1697 1319 1730 pae
1340 1685 1375 1717 lV
1401 1685 1439 1718 de
1463 1684 1572 1727 gratiis
1596 1684 1825 1728 qualecumque
1850 1682 2000 1716 interesse

1261 1739 1362 1772 dietae
1376 1748 1518 1771 camerae
1532 1736 1794 1770 concernentibus
1809 1735 1838 1768 in
1859 1736 1896 1768 ea
1912 1745 2001 1779 prae-

1263 1791 1420 1825 sentandis
1435 1796 1464 1824 et
1483 1790 1696 1834 registrandis,
1714 1789 1756 1821 ita
1771 1794 1804 1821 ut
1821 1783 2001 1833 praesentes

1262 1846 1338 1878 inibi
1371 1843 1563 1888 praesentari
1591 1849 1620 1876 et
1644 1842 1805 1886 registrari
1839 1852 2001 1888 nunquam

1262 1908 1389 1932 necesse
1414 1898 1462 1939 sit,
1481 1902 1510 1930 et
1529 1896 1598 1929 aliis
1615 1895 1891 1929 constitutionibus
1907 1900 1937 1928 et
1953 1905 2001 1929 or-

1244 1951 1472 2004 ¹dinationibus
1496 1949 1688 1994 apostolicis,
1709 1949 1801 1982 etiam
1827 1948 2002 1983 conciliari-

1261 2005 1330 2047 bus,
1355 2004 1557 2048 generalibus
1583 2003 1629 2036 vel
1654 2002 1856 2047 specialibus,
1879 2011 2002 2035 necnon

1262 2059 1384 2102 legibus
1410 2058 1501 2090 ctiam
1530 2056 1745 2100 imperialibus
1770 2061 1800 2088 et
1824 2055 2001 2099 municipa-

1263 2111 1354 2152 libus,
1371 2121 1406 2144 ac
1424 2110 1517 2144 Urbis
1537 2109 1726 2154 praedictae,
1744 2115 1773 2142 ct
1791 2109 1858 2142 aliis
1876 2109 2002 2152 quibus-

1264 2165 1318 2205 vis,
1343 2165 1435 2197 etiam
1464 2164 1649 2202 iuramento,
1675 2162 1912 2196 confirmatione
1929 2172 2002 2206 apo-

1263 2218 1381 2257 stolica,
1408 2218 1452 2250 vel
1480 2218 1537 2250 alia
1552 2217 1821 2261 quavistirmilate
1835 2216 2002 2256 roboratis,

1264 2272 1394 2312 statutis,
1414 2281 1587 2315 eorumque
1606 2269 1884 2303 reformationibus
1904 2274 1934 2302 et
1949 2279 2002 2303 no-

1264 2326 1308 2359 ris
1332 2325 1555 2364 additionibus,
1573 2324 1667 2368 stylis,
1689 2324 1796 2356 usibus
1821 2329 1850 2356 et
1874 2333 2003 2356 consue-

1265 2379 1441 2419 tudinibus,
1467 2378 1559 2411 etiam
1587 2376 1906 2417 immemorabilibm,
1930 2376 2000 2420 pri·—

1265 2432 1383 2475 vilegiis
1412 2442 1554 2476 quoque,
1586 2431 1711 2464 indultis
1737 2435 1767 2463 et
1790 2429 1902 2462 litteris
1928 2439 2003 2473 apo-

1264 2485 1380 2518 stolicis
1404 2512 1411 2525 ,
1448 2484 1505 2517 sub
1543 2484 1795 2528 quibuscumque
1830 2483 2002 2517 verborum

1264 2537 1382 2578 formis,
1400 2548 1434 2570 ac
1459 2548 1530 2570 cum
1548 2537 1712 2580 quibusvis
1728 2536 1821 2569 etiam
1835 2535 2001 2579 derogato-

1265 2591 1381 2625 riarum
1396 2591 1615 2634 derogatoriis,
1630 2591 1761 2634 aliisque
1774 2589 2002 2624 efficacioribus

2003 546 2053 568 luta.

2039 1369 2147 1391 Contraria
2160 1375 2192 1393 re-
2240 1368 2243 1386 ἴ

2014 1396 2066 1418 neit.
