2202 3190
231 196 280 225 An.
297 198 327 225 C.
349 197 412 226 1661

463 189 526 223 734
1015 201 1194 226 ssuLLARwM
1217 201 1372 226 1101110011
1949 207 1997 235 An.
2018 208 2047 236 c,
2068 207 2130 238 1661

431 253 534 280 torum
559 247 617 280 1130
641 248 744 290 prima
771 248 834 280 viee
861 248 1069 283 admittendos
1090 261 1167 290 esse,

429 304 523 343 prout
547 300 585 332 de
610 301 690 334 sacto
715 301 919 345 admittimus,
937 313 998 336 non
1019 304 1185 347 requisita*

429 353 611 396 provinciae
635 355 858 398 acceptatione,
880 360 909 390 et
926 357 991 389 sine
1008 357 1069 389 alio
1087 367 1168 389 novo

430 406 584 447 examine,
609 413 680 440 octo
706 408 873 450 magistros
897 415 967 442 actu
992 410 1167 450 existentes,

431 458 576 492 videlicet
601 460 801 493 Franciscum
828 462 957 504 Viogne,
982 463 1167 495 modernum

429 512 624 545 assistentem
637 513 797 555 Franciae,
808 515 1080 548 Bartholomaeum
1092 516 1169 548 Nau-
1184 521 1185 548 1

428 564 501 605 dclt,
530 567 815 610 exprovffluialem,
849 569 1038 612 Raphafflem
1068 569 1165 601 Alon⁴

428 618 495 660 0110,
515 620 790 663 exprovincialem,
808 621 954 654 Iacobum
973 621 1167 663 Durandeau,

428 673 568 716 primum
601 674 820 716 definitorem,
845 675 990 708 Cat-olum
1021 675 1166 716 Moreau,

428 726 637 768 Augustinurn
671 727 809 768 Robert,
845 728 1015 760 Martialem
1048 728 1168 772 Layard

428 784 458 811 et
483 779 637 821 Ignatium
663 781 820 823 Langlois,
839 781 912 814 dicti
945 781 1071 815 Ordinis
1094 792 1168 825 pro-

428 832 573 873 fessores,
588 833 617 865 in
637 836 724 866 saera
740 834 899 876 theologia
922 835 1097 877 magistros,
1114 834 1167 878 qui

428 895 536 918 omnes
555 897 625 919 cum
641 887 765 919 11000113
786 887 902 930 prioris
919 888 1074 929 generalis
1092 888 1166 920 olim

427 944 630 981 sumpserunt
659 941 792 982 gradum
821 939 1018 980 doctoratus,
1045 950 1167 973 necnon

427 997 457 1024 et
476 993 553 1025 31105
578 993 656 1026 duos
684 993 823 1026 nondum
849 993 1002 1027 doctorali
1026 994 1167 1027 laureola

426 1045 601 1088 insignitos,
620 1052 783 1090 postquam
803 1048 847 1090 (ut
863 1058 959 1091 supra
972 1048 1088 1080 dictum
1108 1048 1167 1091 est)

425 1097 565 1140 legitime
579 1110 647 1132 eam
662 1101 829 1144 assequuti⁷
844 1105 873 1134 et
886 1101 1008 1133 ceteris¹
1019 1101 1168 1134 conditio-

425 1151 518 1185 nibus
535 1157 564 1185 et
585 1153 743 1196 requisitis
761 1164 856 1197 supra
877 1154 987 1198 positis
1005 1153 1165 1198 praediti²‚

426 1211 455 1238 et
480 1207 654 1239 successive
679 1207 716 1239 de
737 1208 860 1241 licentia
879 1208 994 1250 prioris
1011 1208 1167 1251 generalis

425 1269 482 1302 per
496 1259 727 1293 examinatores
747 1261 927 1304 provinciae
956 1261 1120 1294 examinati
1138 1267 1165 1294 et

425 1312 564 1355 legitime
588 1314 751 1357 approbati
777 1315 900 1357 suerint,
927 1316 973 1347 vel
999 1315 1093 1348 etiam
1119 1325 1167 1348 re-

425 1366 562 1408 spective
580 1367 657 1400 alios
680 1377 742 1400 non
760 1367 926 1401 dissimiles
951 1369 989 1411 (si
1010 1368 1063 1412 qui
1081 1379 1167 1412 prae-

425 1419 660 1452 nominatorum
675 1421 754 1453 sorte
769 1422 990 1464 magistrorum
1003 1422 1167 1466 privilegia

425 1473 640 1505 recusaverint
669 1474 715 1506 vel
752 1485 923 1518 procurare
958 1475 1166 1519 neglexerint)

425 1535 443 1556 a
466 1525 572 1568 priore
603 1527 742 1568 generali
767 1527 805 1559 de
831 1533 901 1560 voto
933 1538 1007 1560 suae
1032 1538 1165 1570 congre-

425 1578 560 1620 gationis
585 1578 779 1622 deputandos
800 1585 829 1613 et
849 1580 1092 1614 constituendos.
1115 1581 1165 1613 Ve-

425 1642 513 1673 rum,
539 1632 609 1664 data
634 1643 692 1676 pro
718 1640 859 1677 tempore
879 1634 952 1667 dicti
972 1635 1096 1667 numeri
1115 1634 1165 1668 de-

424 1684 503 1717 narii
530 1696 729 1729 quacumque
755 1687 914 1720 vacatione
938 1698 994 1731 per
1020 1693 1163 1731 mortem,

425 1744 477 1770 aut
502 1749 558 1782 per
583 1741 875 1784 excorporationem
908 1747 1094 1785 perpetuam
1126 1742 1164 1774 ab

425 1790 494 1834 ipsa
523 1792 697 1835 provincia,
723 1798 753 1826 ct
777 1804 838 1827 non
864 1794 949 1834 alias,
973 1794 1103 1827 alicuius
1128 1805 1163 1827 ex

425 1845 585 1887 magistris
617 1846 698 1879 intra
723 1847 867 1880 eumdem
898 1857 1064 1880 numerum
1093 1853 1164 1881 actu

424 1899 642 1942 privilegiatis,
660 1905 733 1933 tunc
753 1912 810 1944 per
828 1901 967 1945 priorem
984 1903 1161 1945 generalem

425 1951 463 1984 de
500 1957 570 1986 roto
604 1964 677 1986 suae
710 1955 964 1997 congregationis
1000 1966 1080 1988 unus
1116 1956 1161 1988 vel

424 2005 531 2048 plures
556 2006 586 2038 in
612 2007 681 2040 loco
717 2018 772 2040 seu
802 2008 878 2041 loeis
912 2009 1091 2041 vacantibus
1127 2019 1163 2042 ex

424 2059 654 2102 antiquioribus
679 2060 839 2103 gradualis
863 2061 901 2093 ad
927 2062 1058 2094 sormam
1078 2073 1164 2106 prae-

426 2112 586 2156 scriptam,
597 2117 625 2147 et
636 2115 897 2147 concurrentibus
910 2116 978 2148 aliis
994 2116 1162 2159 requisitis,

425 2175 460 2198 ac
485 2167 613 2209 praevio
638 2168 779 2200 examine
815 2173 845 2200 et
869 2169 1095 2212 approbatione
1130 2174 1163 2202 01

424 2229 530 2262 supra,
545 2219 756 2263 subrogentur
780 2226 810 2254 et
835 2222 863 2253 in
888 2223 1032 2265 proxime
1056 2223 1163 2256 futuro

425 2271 605 2306 definitorio
630 2274 757 2307 omnino
778 2280 979 2318 acceptentur
1003 2281 1032 2308 et
1056 2276 1164 2310 admit-

425 2330 540 2360 tantur.
561 2326 703 2360 Ceterum
729 2328 902 2371 praemissa
927 2329 1032 2361 onmia
1052 2334 1082 2361 01
1106 2329 1163 2362 sin-

426 2379 498 2421 gula
519 2380 558 2412 ab
584 2380 655 2420 illis,
673 2381 710 2413 ad
728 2391 806 2424 quos
829 2387 947 2426 spectat
966 2388 995 2415 et
1013 2393 1072 2426 pro
1089 2388 1164 2416 tem-

425 2441 502 2473 pore
535 2434 708 2476 spectabit,
740 2435 798 2467 sul)
828 2436 1162 2469 excommunicationis

426 2483 507 2517 latae
531 2487 710 2528 5001001130,
728 2498 764 2520 30
780 2488 964 2531 privationis
984 2489 1069 2522 vocis
1088 2489 1163 2522 3011-

464 2555 474 2580 1
493 2553 563 2581 Edit.
579 2555 657 2582 Maia.
674 2556 735 2592 tegit
750 2559 837 2586 ceteri
852 2567 900 2594 pro
916 2559 1015 2587 ceteris
1031 2560 1070 2594 (n.
1086 2560 1134 2594 τ.).

461 2598 477 2624 2
493 2598 561 2626 Ibid.
578 2599 674 2634 legitur
690 2603 837 2636 praedicti
853 2611 901 2638 pro
912 2604 1046 2638 praediti
1060 2606 1096 2637 (R.
1112 2604 1160 2639 T.).

1202 261 1257 283 vae
1281 255 1310 283 et
1335 250 1474 294 passivae
1499 255 1528 284 et
1553 251 1738 294 officiorum,
1756 262 1876 287 necnon
1893 254 1940 287 10-

1202 304 1370 336 habilitatis
1388 304 1426 336 ad
1445 305 1495 336 illa
1512 304 1549 337 de
1570 310 1675 338 cetero
1688 305 1866 348 obtinenda,
1882 318 1939 351 per

1202 361 1461 390 contraventores
1486 357 1555 400 ipso
1580 358 1660 391 sacto
1684 358 1803 402 absque
1819 359 1878 393 3113
1891 360 1940 393 de-

1184 410 1371 454 jclaratione
1405 410 1602 443 incurrendis
1625 411 1745 454 poenis,
1770 411 1936 446 inviolabi-

1184 467 1186 496 ὶ
1203 463 1273 495 liter
1290 463 1450 496 observari
1466 464 1650 498 mandamus
1670 470 1700 498 01
1715 465 1938 509 praecipimus.

1247 517 1261 559 ξ
1286 516 1314 549 ⁶2.
1340 517 1549 550 Decernentes
1575 519 1693 561 pariter
1709 518 1832 552 easdem
1853 529 1941 563 prae-
1980 530 2099 556 etan-nin.

1202 575 1304 602 sentes
1328 570 1447 604 litteras
1479 582 1605 616 semper
1628 571 1745 614 firmas,
1769 572 1886 606 validas
1910 577 1941 606 et

1202 623 1343 656 efficaces
1367 623 1499 657 existere
1525 630 1554 657 01
1579 625 1655 665 fore,
1676 635 1812 669 suosque
1835 625 1941 669 plena-

1203 676 1266 708 rios
1290 680 1320 710 01
1344 676 1484 719 integros
1507 677 1636 711 effectus
1660 678 1766 711 sortiri
1799 683 1830 712 et
1860 678 1941 713 obti-

1201 739 1286 771 nere⁷
1305 740 1341 762 ac
1366 730 1435 772 illis,
1454 730 1490 762 ad
1509 741 1587 774 quos
1604 736 1724 774 spectat
1740 736 1769 764 et
1789 731 1941 775 spectabit

1201 783 1437 825 quomodolibet
1462 783 1492 816 in
1513 784 1663 824 futurum,
1680 784 1861 828 plenissime
1878 784 1939 818 suf-

1201 836 1327 878 fragari,
1345 836 1451 880 sicque
1465 837 1496 869 in
1508 837 1691 880 praemissis
1707 848 1763 881 per
1776 848 1941 881 quoscum-

1201 898 1261 931 que
1279 888 1397 922 iudices
1415 889 1591 923 ordinarios
1608 895 1638 923 et
1653 890 1823 934 delegatos,
1846 891 1939 924 etiam

1202 947 1367 975 causarum
1391 943 1496 987 palatii
1522 944 1685 988 apostolici
1709 944 1879 987 auditores,
1893 945 1938 978 iu-

1201 995 1298 1028 dicari
1330 1000 1360 1030 et
1392 996 1516 1029 definiri
1541 997 1677 1038 debere,
1701 1008 1737 1031 ac
1761 997 1885 1031 irritum
1910 1002 1940 1032 et

1202 1048 1303 1089 inane,
1321 1049 1345 1081 si
1364 1059 1453 1082 secus
1471 1060 1567 1094 super
1586 1050 1634 1083 his
1647 1061 1663 1083 a
1680 1061 1850 1095 quoquam,
1863 1061 1940 1095 qua-

1202 1101 1246 1134 vis
1270 1103 1476 1144 auctoritate,
1502 1104 1636 1137 scienter
1659 1104 1706 1137 vel
1737 1104 1938 1148 ignoranter,

1201 1155 1368 1196 contigerit
1387 1156 1540 1189 attentari.
2075 1198 2078 1200 ,

1245 1208 1312 1251 §3
1338 1210 1489 1248 Quocirca
1520 1210 1756 1243 venerabilibus
1787 1210 1937 1244 fratribus
1978 1221 2132 1252 Exeqpniorm

1202 1262 1292 1295 Petro
1327 1262 1565 1306 archiepiscopo
1604 1263 1758 1296 Tolosano
1789 1274 1825 1296 ac
1855 1264 1939 1297 Hen-
1951 1248 2068 1276 ‘'epum''

1201 1315 1266 1348 rico
1291 1316 1365 1349 olim
1395 1316 1593 1349 Rhedonensi
1625 1322 1655 1349 et
1690 1316 1851 1350 Harduino
1875 1317 1939 1350 Ru-

1201 1370 1320 1402 tenensi
1350 1369 1506 1413 episcopis
1524 1380 1581 1413 per
1601 1375 1782 1413 praesentes
1799 1370 1940 1404 commit-

1202 1422 1296 1455 timus
1308 1427 1337 1456 et
1350 1423 1535 1455 mandamus
1549 1428 1703 1467 quatenus
1717 1423 1786 1467 ipsi,
1800 1424 1848 1457 vel
1865 1423 1939 1466 duo,

1200 1481 1253 1508 aut
1278 1487 1357 1509 unus
1381 1487 1502 1518 eorum,
1529 1487 1586 1520 per
1613 1487 1655 1517 se,
1679 1477 1727 1509 vel
1752 1477 1858 1519 alium,
1883 1487 1940 1511 seu

1200 1530 1287 1570 alios,
1303 1530 1426 1563 easdem
1444 1536 1624 1573 praesentes
1641 1531 1770 1571 litteras,
1788 1536 1818 1563 et
1833 1530 1867 1564 in
1883 1530 1938 1565 eis¹

1200 1587 1342 1617 contenta
1356 1593 1585 1627 quaecumque,
1601 1583 1655 1616 ubi
1672 1589 1701 1616 et
1715 1584 1840 1627 quando
1857 1594 1938 1628 opus

1199 1636 1302 1677 suerit,
1324 1641 1354 1669 et
1379 1637 1501 1680 quoties
1530 1647 1588 1680 pro
1618 1642 1713 1680 parte
1731 1637 1882 1671 interesse
1905 1637 1938 1670 in

1198 1690 1379 1732 praemissis
1397 1690 1579 1723 habentium
1597 1700 1651 1723 seu
1675 1689 1806 1724 alicuius
1826 1701 1937 1724 eorum

1198 1744 1314 1777 suerint
1338 1743 1495 1787 requisiti,
1521 1743 1704 1776 solemniter
1727 1743 1936 1787 publicantes,

1198 1796 1321 1840 illisque
1342 1798 1371 1830 in
1396 1797 1579 1841 praemissis
1597 1797 1732 1831 efficacis
1749 1797 1938 1831 defensionis

1198 1850 1354 1893 praesidio
1385 1851 1582 1892 assistentes,
1615 1851 1728 1884 saciant
1751 1851 1936 1885 auctoritate

1197 1905 1303 1936 nostra
1328 1904 1398 1936 illos
1421 1909 1450 1936 et
1475 1914 1584 1937 eorum
1609 1904 1782 1948 quemlibet
1797 1904 1935 1948 ipsarum

1198 1958 1410 2000 praesentium
1431 1957 1607 1990 litterarum
1629 1963 1659 1991 et
1684 1958 1714 1990 in
1739 1958 1782 1991 eis
1807 1963 1936 1991 conten-

1197 2015 1300 2043 torum
1323 2010 1502 2044 huiusmodi
1528 2011 1641 2044 effectu
1664 2011 1794 2055 pacifice
1817 2010 1881 2044 frui
1905 2015 1935 2044 et

1197 2063 1355 2105 gaudere,
1377 2074 1440 2097 non
1465 2064 1682 2107 permittentes
1706 2064 1776 2097 illos
1800 2064 1936 2107 desuper

1197 2128 1213 2149 a
1238 2127 1408 2160 quoquam,
1422 2117 1530 2161 quavis
1550 2117 1744 2158 auctoritate,
1761 2117 1935 2161 quomodo-

1197 2170 1272 2204 libet
1307 2170 1443 2203 indebite
1472 2171 1653 2213 molestari,
1679 2171 1858 2215 perturbari
1885 2170 1934 2204 vel

1198 2223 1380 2266 inquietari,
1397 2223 1645 2257 contradictores
1666 2224 1824 2267 quoslibet
1841 2228 1872 2256 et
1888 2233 1934 2257 re-

1196 2275 1294 2309 belles
1317 2287 1374 2320 per
1398 2277 1574 2320 praedictas
1596 2282 1626 2310 et
1642 2277 1717 2309 alias
1742 2287 1889 2310 censuras
1904 2279 1934 2310 01

1196 2340 1313 2372 poenas
1338 2330 1584 2370 ecclesiasticas,
1609 2330 1731 2373 aliaque
1755 2334 1933 2374 opportuna

1197 2383 1274 2416 iuris
1299 2388 1327 2416 et
1353 2383 1422 2415 sacti
1449 2383 1597 2423 remedia,
1618 2382 1824 2426 appellatione
1848 2386 1933 2427 post-

1196 2436 1569 2480 positacompescendo,
1598 2436 1810 2479 legitimisque
1837 2445 1934 2480 super

1196 2490 1244 2523 his
1268 2489 1419 2522 habendis
1439 2488 1568 2522 servatis
1587 2488 1797 2533 processibus,
1821 2498 1932 2522 censu-

1233 2561 1241 2586 1
1261 2559 1328 2587 Male
1344 2560 1409 2588 edit.
1426 2559 1505 2587 Maia.
1523 2560 1588 2595 legit
1602 2569 1665 2587 cum
1683 2559 1723 2588 eis
1738 2567 1785 2595 pro
1800 2562 1827 2587 et
1841 2560 1871 2587 in
1891 2559 1932 2586 eis

1194 2605 1231 2638 (n.
1247 2605 1295 2637 1.).
