2243 3205
42 199 91 226 An.
109 198 137 224 G.
158 196 224 224 ¹660

51 2463 55 2467 ,
107 2441 227 2470 Subsidium

50 2470 140 2491 imponit,

832 196 1015 220 ALEXANDEH
1042 195 1084 219 vn
1108 196 1155 219 ΓΡ.

236 242 357 276 avidius
375 253 528 288 quaerere
545 254 639 288 quam
661 243 850 278 christianos
877 254 975 288 popu-

235 296 283 330 los
307 296 464 338 invadere,
493 301 523 330 et
554 296 755 330 christianam
790 297 974 340 religionem

236 349 483 393 exterminando,
504 349 769 384 abominationem
788 361 874 383 suam
892 350 977 394 plan-

235 407 301 438 tare
326 408 356 436 et
379 413 566 448 propagare,
593 403 723 447 eiusque
752 403 843 444 vires,
861 403 977 436 nostris

235 456 420 489 facientibus
437 456 583 500 peccatis,
601 456 682 490 malo
699 460 807 490 nostro
826 456 976 489 admoniti

236 519 388 552 cogamur
412 509 541 550 timere,
567 509 716 553 omnique
741 511 817 542 cura
842 515 871 542 et
895 509 978 542 solli<

235 561 374 595 citudine
401 571 600 605 praecavere,
619 562 718 596 multo
748 562 848 605 magis
877 568 978 595 eastra

234 613 360 648 Domini
376 613 533 647 custodire
553 618 582 648 et
597 615 800 658 praemunire
814 626 870 648 nos
887 626 978 659 opor-

235 672 279 699 tet
309 666 369 700 hoc
392 667 579 710 praesertim
614 673 783 711 tempore,·
799 679 870 701 cum
895 669 976 701 idem

234 720 408 754 Turcarum
434 725 585 764 tyrannus
607 720 785 763 ingentibus
812 722 889 754 mari
916 728 977 755 ter-

234 775 333 816 raque
351 773 451 817 copiis
471 773 604 806 ditiones
621 774 835 808 nobilissimae
861 775 977 819 Reipu-

234 825 334 859 blicae
361 826 549 859 Venetorum
571 826 730 868 invaserit,
748 838 836 871 quae,
863 833 896 861 ut
921 829 978 860 im-

234 879 346 923 probis
360 879 427 911 eius
441 878 605 912 conatibus
619 880 766 912 resistere
783 881 891 924 possit,
906 891 976 914 eum

235 942 367 976 magnos
398 937 543 976 sumptus
576 933 692 975 iugiter
723 933 825 966 facere
851 933 978 975 debeat,

235 983 354 1017 idcirco
371 984 469 1017 felicis
491 985 720 1018 reeordationis
737 985 903 1019 Clementis
914 987 976 1019 VIII

235 1042 266 1071 et
289 1038 376 1071 Pauli
401 1038 434 1080 V,
459 1048 582 1072 necnon
608 1039 751 1082 Gregorii
784 1039 835 1072 XV
860 1049 896 1073 ae
921 1040 977 1073 Ur-

234 1089 306 1123 bani
328 1091 394 1124 VIII
411 1096 440 1123 et
464 1091 636 1125 Innocentii
658 1091 685 1125 X
706 1092 904 1135 aliorumque
922 1092 979 1125 Ro-

235 1153 402 1177 manorum
421 1144 606 1178 Pontificum
631 1144 911 1188 praedecessorum
927 1156 978 1179 no-

236 1200 376 1231 strorum
401 1197 540 1240 vestigiis
571 1197 779 1240 inhaerenteS,
794 1198 976 1241 Rempubli-

236 1259 303 1282 cam
340 1249 371 1282 id
401 1250 492 1283 enixe
527 1250 719 1294 flagitantem
760 1251 978 1285 ecelesiasticis

235 1303 358 1336 auxiliis
381 1309 531 1348 prompto
567 1304 739 1347 libentique
764 1305 868 1337 animo
895 1304 978 1337 adiu-

235 1356 369 1389 vandam
394 1357 609 1399 decrevimus,
635 1357 828 1391 attendentes
852 1368 914 1391 non
933 1369 978 1391 so-

235 1409 301 1443 lum
327 1419 384 1443 nos
410 1409 475 1443 eius
500 1410 594 1442 unius
619 1410 722 1450 saluti,
748 1420 857 1443 verum
884 1411 977 1443 etiam

237 1463 409 1496 multorum
442 1473 477 1496 ac
494 1463 636 1496 omnium
657 1463 763 1496 Italiae
787 1464 977 1507 populorum

236 1515 443 1550 incolumitati
469 1517 643 1558 consulere,
669 1527 740 1550 eum
761 1516 828 1561 ipsa
852 1517 891 1550 sit
916 1528 979 1550 ma-

236 1580 334 1614 gnum
359 1570 454 1603 totius
479 1569 585 1603 Italiae
610 1570 852 1611 munimentum,
872 1581 906 1604 ac
924 1571 977 1603 sir-

236 1624 412 1658 missimum
426 1623 522 1657 maris
531 1623 680 1658 Adriatici
694 1625 976 1668 propugnaculum.

235 1678 449 1720 Quamobrem
473 1688 609 1722 aequum
628 1683 658 1710 et
683 1678 795 1712 rationi
816 1684 979 1711 consenta-

236 1743 331 1766 neum
363 1743 431 1766 esse
462 1732 609 1765 duximus
633 1731 734 1764 eidem
760 1732 977 1775 Reipublicae,

237 1785 421 1820 eorumdem
446 1784 635 1827 Clementis,
667 1794 703 1817 ac
736 1784 832 1825 Pauli,
857 1795 979 1818 necnon

237 1839 383 1883 Gregorii
407 1844 438 1872 et
456 1838 584 1880 Urbani,
600 1848 636 1871 ac
656 1837 827 1871 Innocentii
846 1838 979 1881 praede-

238 1903 400 1928 cessorum
426 1892 570 1936 exemplo
585 1918 592 1932 ,
617 1891 758 1924 subsidio
783 1891 978 1924 decimarum

237 1957 275 1981 ex
291 1946 445 1981 fructibus
458 1950 488 1980 et
501 1945 674 1978 redditibus
690 1945 785 1979 totius
805 1945 879 1978 cleri
899 1946 981 1978 eius-

237 2000 309 2034 dem
327 1999 430 2033 Status
447 1999 636 2032 Venetorum
653 2009 711 2042 pro
737 1998 854 2031 eisdem
872 1999 980 2031 usibus

238 2053 278 2087 ad
302 2058 425 2087 certum
443 2058 568 2097 tempus
585 2052 786 2085 attribuendo
800 2052 978 2093 subvenire,

239 2107 363 2141 firmam
381 2107 412 2139 in
429 2106 562 2139 Domino
581 2105 734 2148 fiduciam¹
746 2105 896 2138 habentes
914 2105 979 2138 sore

239 2166 274 2195 ut
305 2171 342 2195 ea
370 2159 558 2204 Respublica
583 2159 801 2192 testificatione
831 2164 980 2203 paternae

240 2213 408 2248 voluntatis
426 2223 501 2255 erga
518 2223 550 2245 se
566 2217 693 2245 nostrae
709 2222 772 2244 non
793 2212 893 2245 solum
913 2223 979 2245 sese

241 2267 392 2302 munitam
404 2266 484 2299 etad
499 2264 707 2299 resistendum
722 2265 882 2297 communi
898 2265 978 2297 liosti

241 2324 380 2366 paratam
396 2319 426 2352 in
440 2319 506 2352 dies
520 2318 619 2362 magis
634 2322 809 2358 conservet,
820 2318 873 2350 sed
888 2318 979 2350 etiam

241 2373 331 2407 illum
356 2384 374 2406 a
398 2373 461 2406 suis
487 2371 602 2405 finibus
626 2371 766 2404 animose
791 2370 945 2403 detrudat.

287 2437 302 2481 ἓ
325 2436 355 2470 2.
380 2437 443 2470 Nos
466 2435 573 2478 igitur,
597 2433 664 2467 istis
681 2433 811 2476 aliisque
835 2433 982 2475 gravissi-

243 2490 303 2524 mis
328 2493 358 2523 et
382 2488 560 2523 iustissimis
585 2487 622 2521 de
647 2487 749 2521 causis
775 2486 868 2527 moti,
895 2491 981 2519 motu

241 2543 384 2589 proprio,
409 2553 445 2575 ac
468 2553 504 2575 ex
530 2543 616 2574 certa
640 2540 779 2581 scientia,
796 2550 831 2572 ac
851 2539 889 2572 de
909 2549 983 2583 apo-

241 2596 370 2631 stolicae
383 2595 544 2640 potestatis
559 2593 763 2638 plenitudine,
781 2598 888 2626 tenore
897 2602 984 2636 prae·

327 2658 404 2689 Bull.
425 2658 508 2687 Rom.
529 2671 563 2677 --
587 2657 644 2686 Vol.
665 2655 741 2684 XVI.
887 2655 919 2682 70

1654 185 1712 219 otfit

1009 243 1143 276 sentium
1158 243 1325 277 indicimus
1339 249 1369 277 et
1383 244 1574 288 imponimus
1592 243 1749 276 sexdecim

1009 296 1146 338 integras
1164 295 1303 329 decimas
1319 296 1460 330 omnium
1479 302 1508 329 et
1529 307 1751 340 quorumcum-

1009 360 1069 393 que
1093 350 1263 390 fructuum,
1289 350 1466 382 reddituum
1486 355 1516 382 et
1540 355 1749 393 proventuum

1010 413 1284 446 quarumcumque
1318 404 1522 437 eeclesiarum
1555 404 1750 447 patriarcha-

1010 456 1097 496 lium,
1112 456 1437 500 archiepiscopalium,
1448 456 1687 500 episcopalium,
1701 456 1751 489 ab·

1011 509 1183 550 bafialium,
1195 509 1416 553 capitularium
1432 515 1461 542 et
1485 509 1750 550 conventualium,

1011 562 1208 606 prioratuum
1248 573 1395 606 quoque,
1434 563 1750 606 praepositurarum,

1012 615 1290 659 praepositatuum‚
1308 616 1609 659 praeceptoriarum,
1625 616 1751 648 canoni-

1012 673 1150 709 catuum,
1170 668 1433 712 praebendarum,
1452 668 1639 711 dignitatum
1659 669 1752 702 maio-

1013 731 1082 754 rum
1100 727 1130 754 et
1145 721 1380 765 principalium,
1398 727 1634 765 personatuum,
1655 721 1751 754 admi-

1012 774 1233 808 nistrationum
1253 780 1283 807 et
1300 774 1492 814 officiorum,
1511 778 1752 818 ceterorumque

1012 827 1238 860 beneficiorum
1265 827 1561 870 ecclesiasticorum,
1579 838 1649 860 cum
1676 829 1752 860 eura

1012 886 1042 913 et
1067 881 1133 914 sine
1154 882 1240 923 cura,
1259 881 1459 921 secularium,
1477 891 1512 913 ac
1529 881 1558 914 S.
1578 880 1752 921 Benedicti,

1012 934 1041 967 S.
1066 934 1251 977 Augustini,
1276 934 1505 974 Cluniacensis,
1529 933 1751 975 Cisterciensis,

1012 987 1341 1028 Praemonstratensis,
1367 987 1396 1020 S.
1423 987 1537 1027 Basilii,
1558 986 1753 1020 Silvestrino-

1012 1050 1101 1082 rum,
1134 1045 1181 1081 et,
1214 1040 1268 1084 qui
1303 1039 1513 1084 proprietates
1548 1038 1753 1082 redditusque

1012 1098 1115 1126 certos
1141 1103 1177 1125 ex
1202 1093 1367 1137 privilegio
1392 1092 1564 1136 apostolico
1597 1092 1645 1124 vel
1677 1092 1752 1124 alias

1011 1145 1192 1188 possident,
1228 1145 1490 1186 Mendicantium,
1515 1150 1543 1176 et
1569 1144 1752 1187 quorumvis

1011 1198 1146 1231 aliorum
1163 1199 1314 1232 Ordinum
1333 1198 1496 1242 utriusque
1521 1209 1612 1231 sexus
1634 1203 1663 1230 et
1683 1208 1753 1230 con-

1012 1251 1231 1293 gregationum
1258 1253 1334 1294 (non
1359 1257 1463 1283 tamen
1484 1261 1591 1283 carum
1613 1261 1692 1294 quae
1711 1251 1753 1283 in-

1012 1303 1108 1336 ferius
1132 1303 1307 1347 descriptae
1337 1305 1422 1347 sunt)
1451 1314 1487 1336 ac
1513 1303 1695 1335 militiarum
1723 1303 1753 1335 in

1012 1357 1160 1390 universo
1185 1357 1327 1390 dominio
1347 1357 1447 1390 dictae
1472 1357 1676 1400 Reipublicae
1701 1357 1754 1389 Ve-

1011 1416 1159 1447 netorum
1194 1411 1410 1444 existentium:
1444 1421 1479 1444 ac
1517 1410 1646 1454 insuper
1679 1410 1753 1442 alias

1012 1465 1168 1498 sexdecim
1185 1464 1321 1498 decimas
1335 1465 1477 1498 omnium
1490 1469 1520 1496 et
1533 1474 1754 1507 quarumcum-

1012 1529 1072 1562 que
1086 1518 1273 1561 pensionum
1288 1528 1464 1550 annuarum
1480 1528 1575 1561 super
1589 1518 1753 1559 fructibus,

1012 1572 1186 1606 redditibus
1212 1579 1241 1606 et
1265 1572 1469 1616 proventibus
1494 1571 1683 1616 supradietis
1709 1582 1754 1604 as-

1012 1626 1205 1669 signatarum
1224 1630 1254 1660 et
1271 1626 1540 1669 assignanum-um,
1555 1625 1592 1658 ab
1607 1625 1753 1658 omnibus

1012 1685 1042 1713 et
1065 1680 1316 1723 quibuscumque
1336 1679 1533 1723 patriarchis,
1554 1679 1752 1722 primatibus,

1013 1733 1278 1777 archiepiscopis,
1304 1732 1460 1776 episcopis
1491 1737 1519 1764 et
1551 1731 1618 1764 aliis
1647 1732 1749 1764 eecle—

1013 1787 1130 1819 siarum
1149 1787 1307 1830 praelatis‚
1326 1786 1511 1829 ceterisque,
1526 1785 1753 1829 cuiuscumque

1013 1845 1130 1881 status,
1164 1840 1298 1883 gradus,
1324 1839 1485 1882 dignitatis
1510 1844 1539 1871 et
1565 1839 1753 1872 conditionis

1013 1894 1165 1937 (exceptis
1178 1894 1338 1926 dumtaxat
1355 1891 1586 1925 venerabilibus
1603 1892 1753 1925 fratribus

1014 1947 1128 1981 nostris
1152 1947 1181 1980 S.
1200 1948 1234 1980 R.
1251 1947 1282 1979 E.
1301 1945 1522 1985 cardinalibus,
1540 1956 1662 1978 necnon
1681 1945 1754 1978 dile-

1014 2001 1070 2034 ctis
1098 2001 1170 2033 filiis
1195 2000 1345 2033 fratribus
1377 1999 1540 2042 hospitalis
1574 1998 1602 2031 S.
1629 1999 1752 2032 Ioannis

1014 2053 1300 2098 Ilierosolymitani,
1320 2064 1355 2086 ac
1382 2052 1528 2085 fratribus
1554 2052 1754 2086 Mendicanti-

1013 2107 1070 2141 bus
1086 2107 1266 2151 praedictis,
1280 2111 1309 2139 et
1326 2106 1454 2149 insuper
1467 2104 1627 2138 beneficiis
1651 2106 1752 2138 eecle-

1013 2161 1144 2194 siasticis
1158 2160 1262 2193 officio
1276 2164 1400 2192 sanctae
1421 2157 1633 2201 Inquisitionis
1648 2157 1753 2190 haerc-

1014 2215 1091 2248 tieae.
1112 2213 1273 2258 pravitatis
1293 2212 1323 2245 in
1343 2212 1426 2245 dicto
1447 2211 1586 2244 dominio
1612 2211 1752 2244 instituto

1015 2268 1120 2308 unitis,
1133 2266 1259 2300 annexis
1277 2272 1307 2299 et
1327 2265 1500 2310 applicatis,
1514 2275 1593 2308 quos
1610 2264 1751 2297 cardina-

1014 2323 1068 2363 les,
1094 2333 1129 2355 ac
1153 2322 1265 2354 fratres
1283 2319 1447 2363 hospitalis
1467 2318 1629 2362 praedicti,
1648 2329 1683 2351 ac
1701 2318 1753 2351 be-

1015 2376 1124 2409 neficia
1143 2374 1302 2419 praedicto
1324 2371 1533 2417 inquisitoris¹
1552 2371 1655 2405 ossieio
1668 2372 1753 2404 unita

1016 2431 1046 2462 in
1072 2434 1190 2469 totum,
1216 2427 1327 2459 fratres
1359 2436 1433 2458 vero
1463 2424 1671 2458 Mendicantes
1695 2435 1753 2468 pro

1017 2482 1181 2516 medietate
1206 2480 1366 2513 dumtaxat
1386 2478 1423 2510 ab
1442 2478 1559 2510 eisdem
1577 2477 1706 2511 decimis
1724 2483 1753 2510 ct

1017 2536 1141 2568 illarum
1170 2533 1324 2567 solutione
1349 2532 1505 2564 immunes
1533 2536 1563 2564 et
1592 2536 1753 2574 exemptos

1054 2601 1063 2626 1
1089 2596 1198 2623 Videtur
1212 2595 1354 2631 legendum
1371 2593 1571 2628 inquisitionis
1584 2595 1621 2627 (ti.
1639 2593 1686 2627 T.).

1765 195 1813 220 Αιι.
1832 194 1857 220 C.
1885 194 1950 222 1660
