2243 3205
84 185 133 209 Αιι.
154 182 182 208 C.
201 182 268 209 1662

883 183 1067 207 ALEXANDER
1094 183 1139 206 VH
1160 184 1205 207 Pr.

283 230 459 264 cessoribus
479 231 606 272 habere,
630 242 684 264 seu
705 241 906 275 quocumque
931 232 1022 264 titulo

282 284 487 327 praetendere
512 285 631 329 possint
649 290 678 318 et
691 285 827 325 valeant,
847 285 923 318 itaut
938 295 1025 329 prae-

283 336 384 369 dictus
402 338 667 371 eminentissimus
685 339 830 371 dominus
847 339 1024 380 cardinalis,

283 390 347 422 sive
372 391 438 423 eius
457 392 486 423 in
504 391 587 425 dicto
608 393 798 425 monasterio
816 403 1024 433 successores,

284 444 530 487 praemissorum
550 445 690 477 omnium
702 451 729 477 et
743 445 939 487 singulorum
955 456 1026 488 pos·
1042 448 1044 474 t

283 497 454 529 sessionem
481 497 608 540 propria
634 497 820 530 auctoritate
838 498 922 530 etde
946 498 1026 530 sacto

284 549 402 593 absque
435 549 545 583 iudicis
570 550 723 582 sententia
754 550 817 583 sive
853 550 1026 583 ministerio

283 603 521 646 apprehendere
554 609 583 636 et
615 604 750 636 retinere
775 604 896 647 possint
920 609 949 637 et
975 615 1026 636 va-

283 656 377 696 leant,
402 667 550 700 expresso
576 657 614 689 ad
635 657 663 689 id
685 657 854 700 praepositi
871 657 1027 699 generalis

285 715 315 742 et
327 710 527 743 definitorum
546 710 780 753 praedictorum
798 710 928 753 proprio
943 716 972 742 et
986 715 1028 743 to-

284 763 346 795 tius
359 762 483 796 Ordinis
504 763 682 796 huiusmodi
709 763 836 796 nomine
861 763 1027 795 accedente

285 827 454 857 consensu,
475 817 668 851 declarantes
693 823 723 850 et
746 817 970 850 constituentes
995 827 1027 849 se

284 871 429 913 precario
450 871 578 904 nomine
598 871 856 905 commendatarii
873 881 932 914 pro
953 874 1027 904 tem-

285 934 363 967 pore
379 924 537 957 existentis
561 924 712 968 praedicti
731 924 912 957 monasterii
931 923 1028 957 eccle-

285 977 375 1018 siam,
395 977 540 1018 sabricas,
554 978 738 1010 viridarium
761 988 796 1011 ac
815 983 915 1010 terras
937 988 1029 1021 prae—

285 1030 384 1064 dictas
402 1031 580 1075 possidere,
603 1042 696 1074 quam
715 1031 904 1073 clausulam,
930 1036 964 1063 ut
981 1041 1029 1063 vo—

286 1089 367 1126 cant,
381 1084 540 1117 constituti
556 1084 664 1117 volunt
677 1090 708 1117 et
724 1084 890 1116 intendunt
905 1089 938 1116 ut
954 1094 1029 1116 nun-

286 1147 379 1181 quam
398 1142 500 1170 tractu
518 1137 669 1180 temporis
685 1138 816 1181 expiret,
834 1137 887 1170 sed
902 1148 1029 1181 semper

287 1196 318 1224 et
336 1197 491 1234 perpetuo
516 1191 621 1231 duret;
647 1191 738 1224 liceat
763 1196 867 1223 tamen
892 1201 929 1224 eo
955 1201 1028 1224 casu

287 1244 444 1287 religiosis
470 1244 641 1288 praedictis
665 1244 746 1277 bona
774 1244 902 1277 mobilia
927 1250 957 1277 et
978 1255 1024 1277 sur

286 1298 472 1341 pellectilia‚
497 1297 724 1341 cuiuscumque
749 1298 874 1341 generis
896 1298 956 1330 sint
981 1298 1028 1330 vel

287 1351 413 1395 speciei,
438 1351 476 1384 ad
501 1362 593 1384 usum
619 1351 779 1392 ecclesiae,
804 1351 868 1385 sive
894 1352 960 1384 eius
986 1362 1030 1384 sa-

288 1405 413 1437 cristiae
445 1410 498 1437 aut
529 1405 711 1437 monasterii
741 1405 921 1438 huiusmodi
950 1416 1028 1448 quo-

289 1458 461 1491 modolibet
486 1458 659 1502 spectantia
684 1463 713 1490 et
731 1458 932 1502 pertinentia,
950 1469 1029 1502 quae

288 1511 429 1555 religiosi
447 1511 598 1555 praedicti
616 1511 654 1544 de
668 1522 778 1544 eorum
797 1512 929 1555 proprio
943 1522 1029 1544 com-

288 1565 480 1608 paraverint,
501 1575 554 1597 seu
572 1564 811 1608 quomodolibet
831 1564 875 1597 eis
900 1564 1029 1604 donata,

288 1618 420 1661 elargita
445 1623 497 1650 aut
522 1628 669 1651 concessa
693 1618 817 1659 suerint,
843 1618 930 1650 nullo
955 1617 1028 1650 dicti

289 1671 528 1704 eminentissimi
554 1671 673 1704 domini
700 1671 878 1709 cardinalis,
901 1671 1030 1714 eiusque

288 1724 320 1757 in
341 1724 424 1758 dicto
450 1725 641 1758 monasterio
659 1734 880 1757 successorum
907 1724 945 1756 ad
971 1724 1031 1757 hoc

289 1778 441 1822 requisito
462 1788 628 1818 consensu,
639 1779 743 1810 levare
758 1783 788 1810 et
805 1788 910 1810 secum
926 1789 1031 1821 aspor-

289 1835 365 1871 tare,
391 1831 508 1864 relictis
529 1837 631 1864 tamen
653 1831 822 1864 mobilibus
847 1836 876 1863 ct
902 1832 1032 1874 supelle—

290 1884 415 1917 ctilibus
439 1885 589 1917 ecclesiae
604 1891 633 1917 et
650 1884 833 1917 monasterii
850 1885 1029 1918 huiusmodi

290 1937 322 1970 in
348 1937 465 1970 eisdem
501 1942 582 1970 statu
615 1943 644 1970 et
675 1937 819 1970 terminis
853 1938 884 1970 in
915 1938 1031 1981 quibus

290 1991 327 2024 ad
353 2001 501 2035 praesens
533 1992 752 2035 reperiuntur,
786 1991 827 2023 ita
859 1997 891 2024 ut
919 1992 944 2024 si
973 2002 1030 2024 usu

290 2050 477 2089 consumpta
502 2045 640 2086 suerint,
669 2045 729 2077 alia
763 2045 793 2077 in
826 2056 935 2078 eorum
961 2045 1031 2078 loco

290 2099 475 2132 submittere
489 2104 520 2131 et
536 2098 710 2142 subrogare
728 2104 893 2132 teneantur
909 2104 939 2132 et
955 2099 1033 2132 obli-

291 2152 354 2196 gati
380 2152 522 2185 existant.

335 2207 575 2249 Teneanturque
604 2205 738 2249 denique
770 2206 908 2249 religiosi
941 2217 1033 2250 prae—

291 2259 384 2301 dicti,
420 2263 515 2303 prout
550 2259 623 2292 dicti
659 2259 840 2292 definitores
875 2260 1031 2304 promise-

292 2318 376 2354 runt,
398 2313 510 2346 intuitu
536 2312 748 2345 concessionis
772 2312 951 2346 huiusmodi
971 2317 1033 2347 tra-

292 2366 368 2400 dere
392 2371 422 2399 et
451 2365 637 2408 consignare
667 2365 750 2398 dicto
782 2365 910 2399 domino
935 2366 1033 2398 cardi-

292 2419 365 2459 nali,
389 2419 491 2452 statim
518 2419 645 2452 obtento
676 2419 873 2462 beneplacito
905 2425 1031 2462 aposto-

293 2472 354 2506 lico
372 2483 466 2516 super
487 2472 712 2516 approbatione
737 2477 767 2505 et
791 2472 1031 2506 confirmatione

292 2525 540 2569 praemissorum
566 2530 596 2558 et
621 2525 910 2570 infrascriptorum,
934 2526 1027 2559 tabu-

292 2579 355 2612 lam
380 2579 536 2623 depictam
561 2590 632 2613 cum
662 2579 764 2623 effigie
795 2580 824 2613 S.
855 2579 1030 2620 Pancratii,

1709 173 1766 207 7721

1056 237 1089 264 ut
1114 232 1207 274 vulgo
1232 232 1346 265 dicitur
1366 243 1411 265 un.
1429 232 1553 276 quadro
1571 232 1606 265 di
1626 242 1685 265 scm
1702 232 1795 265 Pan-

1057 286 1172 326 crazio,
1190 290 1219 317 et
1232 285 1343 318 deinde
1365 286 1478 318 futuris
1495 286 1657 329 perpetuis
1676 290 1799 327 tempo-

1058 339 1148 370 ribus
1174 339 1204 370 in
1230 339 1279 371 die
1305 340 1381 372 sesto
1417 339 1554 372 eiusdem
1585 339 1613 372 S.
1644 337 1798 371 Pancratii

1042 391 1159 440 ¹eidem
1191 392 1440 425 eminentissimo
1473 392 1601 425 domino
1627 391 1798 433 cardinali,

1060 443 1189 487 eiusque
1204 444 1233 476 in
1247 444 1330 477 dicto
1346 445 1535 478 monasterio
1550 444 1799 483 successoribus,

1060 497 1185 529 tradere
1210 508 1303 529 unam
1330 498 1519 531 intorticiam
1546 509 1637 530 cerae
1658 498 1747 530 albae
1768 497 1800 529 li-

1060 550 1188 583 brarum
1216 550 1327 589 trium;
1362 562 1397 584 ac
1429 552 1520 585 ctiam
1547 552 1746 595 praepositus
1772 555 1801 583 et

1060 603 1241 637 definitores
1280 605 1442 647 generales
1479 605 1653 648 praedicti,
1690 615 1800 638 eorum

1061 658 1199 700 propriis
1232 664 1261 690 et
1298 659 1392 692 totius
1425 658 1549 692 Ordinis
1581 665 1610 692 et
1642 658 1801 691 seminarii

1061 711 1242 744 huiusmodi
1265 711 1409 745 nomine¹
1428 713 1662 745 concessionem
1682 717 1709 744 et
1728 711 1803 744 assi—

1061 764 1241 806 gnationem
1278 765 1470 808 praedictam
1509 765 1602 798 modo
1637 771 1666 797 et
1702 765 1802 798 forma

1061 818 1244 860 praemissis
1261 818 1367 859 sactaS,
1386 824 1554 860 reservato,
1567 824 1599 850 ut
1613 818 1801 862 praefertur,

1061 871 1144 904 dicto
1169 871 1367 915 beneplacito
1388 872 1569 915 apostolico,
1589 878 1615 904 et
1635 882 1696 905 non
1715 871 1802 911 alias,

1061 930 1265 968 acceptarunt
1289 931 1319 958 et
1351 925 1590 968 emologarnnt‚
1618 934 1680 957 non
1701 925 1801 956 solum

1063 978 1247 1022 praemisso,
1273 978 1326 1010 sed
1352 984 1377 1011 et
1406 978 1490 1011 omni
1517 978 1638 1010 mellori
1665 977 1769 1010 modo.

1105 1032 1189 1070 Quae
1214 1032 1319 1065 omnia
1344 1038 1373 1064 et
1398 1032 1521 1074 singula
1549 1031 1727 1075 supradicta
1752 1042 1802 1063 su-

1063 1085 1196 1129 pradicti
1226 1086 1424 1129 praepositus
1455 1091 1484 1118 et
1514 1085 1706 1125 definitores,
1731 1095 1803 1128 pro-

1063 1140 1139 1182 priis
1154 1145 1183 1172 et
1201 1139 1315 1183 quibus
1333 1150 1428 1183 supra
1445 1139 1636 1181 nominibus,
1656 1145 1685 1171 et
1703 1138 1804 1171 dictus

1062 1192 1208 1225 dominus
1232 1193 1329 1225 Iulius
1353 1193 1464 1226 Caesar
1492 1193 1713 1236 procuratorio
1748 1203 1803 1224 no-

1064 1245 1145 1278 mine
1171 1246 1243 1278 dicti
1270 1245 1388 1278 domini
1411 1245 1578 1278 cardinalis
1591 1246 1805 1289 promiserunt

1063 1298 1179 1332 habere
1205 1305 1292 1339 rata,
1317 1303 1425 1342 grata,
1450 1299 1551 1331 valida
1576 1304 1606 1331 et
1630 1298 1743 1338 firma,
1776 1304 1804 1330 et

1063 1358 1172 1385 contra
1183 1353 1355 1385 nonfacere
1365 1352 1423 1385 sub
1434 1353 1543 1395 quovis
1552 1357 1724 1396 praetextu,
1736 1357 1804 1392 ete,

1063 1406 1155 1447 alias,
1179 1410 1257 1446 ete,
1282 1405 1319 1438 de
1345 1405 1478 1449 quibus,
1504 1410 1580 1445 etc.,
1606 1405 1688 1448 qnod
1723 1405 1804 1436 iura-

1064 1465 1226 1499 mentum,
1252 1465 1332 1501 etc.,
1365 1469 1423 1502 pro
1456 1459 1569 1502 quibus
1601 1459 1674 1491 dicti
1700 1464 1804 1502 patres

1064 1512 1260 1555 praepositus
1296 1518 1326 1544 et
1361 1512 1565 1552 definitores,
1601 1512 1739 1555 propriis
1776 1518 1803 1544 et

1063 1565 1177 1608 quibus
1202 1576 1298 1608 supra
1323 1565 1513 1605 nominibus,
1536 1565 1595 1597 sub
1621 1565 1730 1597 eadem
1757 1566 1805 1598 be-

1063 1619 1207 1662 neplaciti
1235 1619 1457 1660 reservatione,
1483 1619 1565 1651 bona
1590 1618 1663 1651 dicti
1694 1629 1803 1651 eorum

1065 1672 1245 1705 monasterii
1262 1678 1291 1704 ct.
1307 1672 1442 1713 Ordinis,
1464 1683 1518 1705 seu
1540 1672 1803 1715 congregationis,

1065 1726 1229 1768 religiosos
1256 1731 1285 1758 et
1310 1736 1508 1758 successores
1533 1736 1748 1768 quoscumque
1775 1725 1804 1757 in

1064 1779 1118 1819 eis,
1145 1785 1174 1812 et
1197 1779 1298 1811 dictus
1323 1779 1468 1811 dominus
1494 1779 1589 1811 Iulius
1606 1779 1718 1811 Cacsar
1736 1789 1806 1822 pro-

1065 1832 1224 1865 curatorio
1242 1834 1379 1873 nomine,
1397 1843 1459 1875 quo
1477 1843 1582 1876 supra,
1600 1832 1716 1864 dictum
1732 1832 1805 1864 emi-

1064 1886 1282 1918 nentissimum
1308 1885 1470 1918 dominum
1497 1885 1709 1925 cardinalem,
1743 1886 1805 1917 bo—

1065 1949 1121 1979 na,
1151 1944 1227 1978 etc.,
1259 1939 1290 1970 in
1323 1938 1422 1971 forma
1448 1949 1591 1971 camerae
1615 1938 1805 1982 apostolicae

1066 2003 1136 2025 cum
1166 1992 1266 2025 solitis
1297 1992 1467 2032 clausulis,
1500 1997 1580 2031 etc.,
1606 1992 1703 2032 citra,
1730 1997 1805 2031 ote,

1065 2045 1257 2088 obligarunt,
1282 2050 1350 2085 etc„
1377 2045 1612 2085 renunciarunt,
1633 2050 1709 2086 cte,
1736 2055 1807 2078 con-

1066 2105 1239 2142 senserunt,
1265 2105 1334 2140 etc.,
1359 2099 1461 2140 unica,
1487 2104 1555 2139 etc.,
1581 2104 1609 2131 et
1633 2099 1722 2132 tactis
1746 2110 1804 2142 pc-

1066 2153 1217 2195 oloribus,
1244 2164 1343 2193 more,
1364 2159 1433 2194 etc„
1451 2159 1481 2186 et
1505 2153 1679 2197 scripturis,
1698 2164 1805 2196 respe—

1066 2208 1144 2240 ctive
1162 2207 1316 2247 iurarunt,
1334 2212 1402 2247 etc.;
1421 2217 1515 2250 super
1532 2206 1645 2250 quibus
1660 2206 1805 2239 omnibus

1066 2267 1095 2293 ct
1119 2260 1251 2303 singulis
1276 2260 1457 2304 praemissis
1482 2260 1613 2303 petitum
1640 2260 1695 2292 suit
1720 2270 1736 2292 a
1756 2271 1805 2293 me

1066 2313 1172 2345 curiae
1197 2323 1362 2345 causarum
1381 2323 1525 2345 camerae
1543 2312 1732 2356 apostolicae
1755 2323 1806 2345 no·

1067 2365 1144 2398 tario
1170 2366 1297 2409 publico
1323 2365 1539 2409 infrascripto,
1571 2370 1604 2397 ut
1637 2375 1731 2397 unum
1758 2366 1804 2398 vel

1065 2419 1169 2462 plura,
1196 2418 1358 2462 publicum
1385 2429 1438 2451 scu
1463 2418 1590 2462 publica
1615 2418 1804 2451 conficerem

1065 2478 1158 2516 atque
1183 2472 1339 2506 traderem
1365 2472 1609 2505 instrumentum
1635 2476 1664 2506 et
1688 2471 1805 2504 instru-

1102 2589 1110 2613 l
1135 2586 1290 2622 Legendum
1305 2587 1471 2614 nominibus
1485 2587 1524 2621 (ιι.
1543 2587 1590 2621 τ.).

1818 182 1866 208 An.
1885 182 2000 210 &1662
