2243 3205
25 198 75 226 An.
95 197 125 224 G.
141 196 206 224 ¹66¹

821 195 1008 222 ALEXANDER
1032 194 1077 218 vn
1100 195 1149 218 PP.

222 244 338 277 eisdem
365 244 548 277 custodibus
572 244 840 287 gubernatoribus
865 245 964 278 omni-

222 297 347 330 modam
362 303 548 342 potestatem
563 299 723 331 scholares
737 305 789 332 aut
804 299 964 331 studentes

221 350 400 394 praedictos
421 351 617 393 gubernandi
636 357 665 384 et
683 352 768 384 iuxta
786 363 896 385 eorum
915 351 964 384 de-

222 405 334 437 merita
355 406 545 448 corrigendi,
568 406 738 439 mulctandi
762 412 791 439 et
812 405 961 450 puniendi

222 465 452 499 concesserant,
478 459 600 503 aliaque
629 465 801 492 statuerant
825 465 855 492 et
879 459 963 492 ordi-

221 518 382 552 naverant,
396 518 490 556 prout
504 513 534 544 in
552 512 669 545 eisdem
684 513 964 546 constitutionibus

222 570 253 597 et
277 566 399 598 statutis
423 565 552 598 uberius
584 567 779 606 continetur,
813 572 841 599 et
867 566 964 598 felicis

221 618 448 652 recordationis
463 620 576 651 Paulus
590 619 673 663 Papa
685 620 724 652 Ill
739 619 965 662 praedecessor

221 677 338 713 noster,
351 682 414 705 non
425 672 490 705 sine
505 672 600 704 animi
615 673 662 705 sui
678 673 821 705 molestia
836 679 964 717 accepto

222 725 306 768 quod
331 726 490 759 scholares
505 732 534 759 et
547 726 706 759 studentes
723 727 874 770 praedicti
893 738 965 761 con-

222 784 270 810 tra
294 778 460 822 proprium
486 779 629 823 ipsorum
655 780 869 813 iuramentum
901 790 964 813 non

221 831 440 873 observabant,
459 837 488 866 et
504 833 613 866 iisdem
639 833 792 866 mandatis
811 839 884 866 tunc
903 834 965 866 exi-

221 885 369 918 stentium
391 886 556 919 custodum
576 886 824 929 gubernatorum
845 887 965 931 praedi-

222 943 345 972 ctorum
371 949 433 972 non
459 940 664 982 obediebant,
690 946 719 973 et
744 941 818 984 ipsis
843 941 874 973 in
898 941 964 973 dies

222 993 472 1027 contradicentes
496 1004 513 1026 a
538 995 700 1037 signatura
732 994 868 1027 iustitiae
892 1005 964 1027 cau-

222 1057 287 1079 sam
322 1051 352 1081 et
383 1057 492 1080 causas
522 1053 631 1080 contra
663 1047 901 1081 constitutiones
936 1051 966 1081 et

221 1104 335 1134 statuta
359 1110 395 1133 ac
419 1100 565 1134 custodes
593 1101 824 1143 gubernatores
860 1101 966 1133 buius-

221 1153 305 1186 modi
330 1153 462 1186 diversis
486 1153 663 1194 iudicibus,
687 1164 751 1186 non
775 1154 878 1187 minus
895 1155 965 1187 nul-

221 1206 293 1239 liter
316 1217 410 1250 quam
437 1207 588 1247 indebite,
602 1207 757 1240 committi
782 1207 885 1240 facere
902 1218 964 1241 non

221 1258 469 1303 erubescebant¹‚
482 1260 646 1293 calumniis
661 1264 690 1293 et
704 1260 866 1293 fraudibus
879 1271 965 1304 prae-

221 1313 312 1346 dietis
337 1313 465 1347 obviare
490 1314 609 1355 volens,
626 1319 713 1346 motu
732 1315 864 1358 proprio
881 1320 911 1348 et
928 1325 963 1347 ex

222 1368 308 1399 certa
340 1367 470 1400 scientia
506 1367 590 1410 suis,
624 1377 733 1400 omnes
765 1373 795 1400 et
827 1367 964 1410 singulas

222 1430 331 1453 causas
363 1421 539 1464 praedictas
571 1432 630 1465 pro
662 1427 751 1465 parte
780 1421 962 1454 eorumdem

222 1474 414 1507 scholarium
432 1480 462 1507 et
479 1475 620 1508 omnium
639 1475 670 1508 in
688 1475 805 1508 eisdem
825 1475 965 1517 collegiis

222 1527 430 1560 habitantium
456 1538 561 1561 coram
582 1528 833 1572 quibuscumque
858 1529 966 1561 iudici-

221 1579 281 1613 bus
305 1586 368 1613 tam
394 1580 563 1614 ordinariis
591 1592 685 1625 quam
718 1582 964 1622 commissariis,

222 1638 253 1666 et
277 1637 339 1668 tam
365 1635 550 1667 commissas
583 1640 613 1667 et
643 1635 837 1678 pendentes,
871 1646 963 1679 quam

222 1686 254 1718 in
285 1687 427 1721 futurum
461 1688 724 1729 committendas,
758 1689 789 1721 in
820 1694 901 1722 statu
935 1694 965 1722 et

221 1740 365 1773 terminis
391 1741 421 1773 in
446 1742 563 1784 quibus
587 1742 844 1786 reperiebantur,
870 1742 908 1775 ad
933 1753 965 1775 se

222 1800 418 1835 avocaverat,
444 1806 479 1828 ac
505 1801 578 1828 tunc
603 1802 632 1829 et
656 1807 714 1839 pro
740 1802 880 1840 tempore
905 1797 965 1830 cxi-

222 1848 374 1881 stentibus
388 1849 569 1882 custodibus
587 1849 742 1882 dictorum
757 1851 963 1893 collegiorum

222 1900 511 1943 gubernatoribus,
542 1909 571 1935 et
605 1904 745 1935 omnium
779 1904 810 1935 in
846 1904 962 1936 eisdem

222 1955 364 1997 collegiis
389 1955 596 1989 habitantium
631 1960 660 1990 et
691 1957 748 1989 sub
778 1958 963 1990 eorumdem

222 2009 345 2042 statutis
370 2009 550 2051 degentium
584 2010 740 2042 iudicibus
773 2010 963 2050 ordinariis,

223 2074 294 2096 cum
320 2063 467 2096 omnibus
489 2074 597 2096 eorum
617 2064 835 2105 incidentibus,
853 2065 964 2108 depen<

222 2116 383 2156 dentibus,
409 2117 661 2158 emergentibus,
682 2118 810 2150 annexis
835 2124 864 2150 et
889 2129 963 2152 con-

221 2169 331 2209 nexis,
364 2169 448 2202 iuxta
477 2170 612 2202 sormam
645 2171 903 2203 constitutionum
935 2178 976 2216 et⁴

222 2227 409 2256 statutorum
448 2224 655 2266 collegiorum
692 2224 872 2257 huiusmodi
909 2236 963 2257 au-

223 2276 351 2309 diendas
365 2278 575 2318 commiserat,
586 2278 678 2309 alias²
694 2278 722 2310 in
739 2278 920 2321 praemissis
935 2285 964 2311 et

223 2331 307 2363 circa
330 2341 366 2363 ea
392 2331 614 2371 mandaverat,
646 2337 739 2374 prout
769 2332 798 2363 in
824 2332 962 2365 ciusdem

223 2383 308 2416 Pauli
333 2384 586 2427 praedecessoris
617 2384 749 2426 litteris,
783 2385 875 2417 etiam
908 2396 963 2428 per

223 2436 294 2480 piae
320 2438 491 2471 memoriae
517 2438 645 2470 l'aulum
676 2438 789 2481 Papam
816 2438 851 2470 lv
879 2438 963 2470 simi-

260 2520 271 2546 1
295 2517 365 2545 Edit.
382 2517 460 2544 Main.
478 2517 560 2544 habet
576 2518 744 2545 erubescant
759 2519 799 2552 (n.
816 2519 865 2552 τ.).

258 2563 274 2589 2
297 2562 453 2598 Legendum
479 2563 606 2597 aliaque,
632 2563 673 2589 vel
700 2562 840 2597 aliasque,
870 2562 909 2589 vel
940 2565 965 2590 et

223 2607 299 2635 alias
314 2608 351 2642 (n.
371 2608 420 2641 T.).

997 243 1068 275 liter
1088 242 1363 286 praedecessorem
1381 248 1525 275 nostrum
1543 241 1737 275 confirmatis

998 297 1117 330 tenoris
1138 296 1358 339 subsequentis
1369 295 1395 328 ¹:

1048 349 1193 382 «Paulus
1207 350 1302 393 Papa
1320 350 1370 383 IV
1384 350 1426 382 ad
1446 350 1594 392 smmum-
1610 350 1658 382 rei
1677 359 1738 381 me-

998 403 1147 435 moriam.
1162 403 1223 435 Piis
1242 402 1496 446 quomodolibet²
1510 403 1588 435 votis
1605 403 1739 434 libenter

998 456 1182 498 annuimus,
1208 466 1307 499 eaque
1331 456 1490 489 favoribus
1515 456 1739 499 prosequimur

998 510 1195 553 opportunis.
1229 509 1308 542 Sane
1341 520 1400 553 pro
1432 516 1519 553 parte
1551 509 1739 542 dilectorum

997 564 1135 597 filiorum
1159 563 1325 596 custodum
1344 563 1508 596 Societatis
1522 562 1572 596 SS.
1591 563 1739 605 imaginis

998 617 1026 650 S.
1043 617 1214 650 Salvatoris
1228 617 1265 650 ad
1280 617 1393 650 Sancta
1406 617 1591 650 Sanctorum
1606 616 1643 649 de
1659 616 1740 650 Urbe

998 671 1087 704 nobis
1101 671 1239 704 exhibita
1252 671 1362 714 petitio
1373 670 1562 712 continebat,
1572 675 1739 714 postquam

998 735 1015 757 a
1039 724 1138 757 felicis
1156 724 1384 757 recordationis
1398 723 1493 756 Paulo
1508 723 1589 766 Papa
1603 723 1641 755 lll
1656 732 1741 766 prae-

998 777 1164 811 decessore
1174 783 1283 810 nostro
1294 781 1493 809 emanaverat
1504 776 1739 819 infrascriptum

999 832 1206 875 rescriptum,
1232 831 1321 864 cuius
1342 836 1432 863 tenor
1456 830 1615 873 sequitur,
1640 835 1670 862 et
1694 835 1741 862 est

1000 886 1086 918 talis:

1042 939 1134 972 Mota
1164 939 1308 983 proprio.
1337 938 1413 972 Cum
1447 937 1527 970 sicut
1559 937 1739 981 accepimus

999 1002 1061 1025 non
1090 992 1156 1025 sine
1181 992 1276 1024 animi
1310 992 1410 1024 nostri
1442 991 1605 1033 molestia,
1639 990 1738 1034 quod,

999 1045 1070 1078 licet
1101 1046 1274 1078 laudabiles
1299 1045 1537 1079 constitutiones
1565 1050 1595 1077 et
1627 1049 1740 1077 statuta

1000 1104 1060 1131 tam
1087 1099 1212 1141 collegii
1236 1098 1475 1142 Capranicensis
1499 1108 1592 1141 quam
1610 1097 1739 1131 Nardini

998 1163 1054 1195 per
1079 1153 1239 1185 scholares
1266 1158 1296 1185 et
1321 1152 1478 1185 studentes
1510 1162 1568 1195 pro
1598 1155 1739 1194 tempore

998 1206 1155 1239 dictorum
1181 1206 1389 1248 collegiorum
1417 1204 1579 1238 observari
1605 1204 1739 1246 debent,

999 1269 1069 1291 cum
1096 1259 1163 1292 illas
1188 1269 1242 1291 seu
1268 1259 1320 1290 illa
1344 1259 1438 1290 etiam
1465 1269 1536 1290 cum
1563 1258 1740 1291 iuramento

998 1323 1124 1345 servare
1145 1313 1369 1356 promiserint,
1386 1317 1415 1346 et
1432 1312 1585 1345 mandatis
1610 1312 1740 1346 dilecto-

998 1377 1069 1399 rum
1093 1372 1275 1399 nostrorum
1297 1366 1461 1399 custodum
1481 1366 1669 1399 venerabilis
1687 1366 1740 1399 So-

998 1420 1116 1452 cietatis
1146 1419 1197 1453 SS.
1228 1420 1375 1463 Imaginis
1403 1419 1597 1453 Sanctissimi
1630 1419 1738 1452 Salva-

998 1473 1075 1506 toris
1105 1473 1143 1506 ad
1168 1474 1281 1506 Sancta
1308 1474 1495 1506 Sanctorum
1524 1473 1561 1506 de
1586 1473 1670 1506 Urbe
1707 1478 1739 1506 et

998 1527 1231 1570 praedictorum
1258 1528 1465 1570 collegiorum
1491 1527 1739 1570 gubernatorum

999 1591 1056 1624 pro
1081 1586 1225 1625 tempore
1250 1581 1448 1614 existentium
1477 1590 1589 1624 parere
1617 1580 1741 1613 debuis-

999 1639 1076 1674 sent,
1099 1644 1171 1666 cum
1197 1634 1257 1666 illis
1273 1644 1330 1677 per
1346 1633 1529 1666 fundatores
1554 1633 1739 1666 eorumdem

998 1687 1070 1720 data
1094 1687 1152 1719 suit
1176 1687 1305 1720 facultas
1331 1687 1490 1720 scholares
1518 1692 1549 1719 et
1580 1686 1740 1720 studentes

999 1741 1030 1773 in
1054 1741 1145 1774 dictis
1170 1741 1310 1783 collegiis
1335 1740 1513 1783 gubernare
1528 1767 1535 1780 ,
1561 1740 1739 1782 corrigere,

999 1795 1151 1827 mulctare
1175 1799 1206 1826 et
1230 1794 1344 1838 punire
1369 1793 1540 1826 secundum
1566 1793 1741 1836 praedicto-

999 1848 1276 1885 rumstudentium
1291 1847 1445 1880 demerita
1462 1848 1492 1879 in
1507 1852 1652 1880 eventum
1670 1857 1741 1880 con-

998 1902 1211 1941 traventionis;
1237 1901 1442 1933 nibilominus
1467 1900 1597 1944 praefati
1616 1900 1740 1933 studen-

998 1962 1043 1989 tes
1066 1956 1243 2000 praedictas
1265 1955 1438 1988 laudabiles
1452 1955 1690 1988 constitutiones
1710 1959 1741 1987 et

997 2015 1112 2042 statuta
1138 2009 1268 2042 minime
1283 2019 1408 2042 servare
1423 2008 1594 2052 cupientes,
1610 2014 1639 2040 et
1654 2018 1741 2052 prae—

997 2064 1104 2096 sertim
1130 2063 1161 2096 in
1187 2063 1347 2096 vestiendo
1372 2068 1402 2095 et
1426 2062 1596 2095 deserendo
1629 2062 1739 2104 longas

998 2122 1096 2150 vestes
1121 2127 1191 2149 cum
1218 2116 1349 2160 caputiis
1375 2116 1460 2149 iuxta
1485 2116 1619 2148 sormam
1640 2124 1735 2158 prae-⁷

997 2170 1152 2203 dictarum
1171 2169 1441 2209 constitutiomim,
1462 2169 1549 2201 nullo
1570 2168 1676 2200 habito
1691 2177 1739 2200 re-

997 2230 1105 2267 spectu
1128 2224 1166 2256 ad
1191 2224 1373 2267 praemissa,
1395 2225 1458 2257 imo
1480 2224 1509 2256 in
1531 2223 1596 2256 dies
1617 2228 1739 2256 contra-

997 2277 1134 2310 dicentes
1155 2277 1308 2309 mandatis
1324 2277 1558 2320 praedictorum
1573 2275 1739 2309 custodum

998 2342 1055 2374 pro
1081 2336 1224 2374 tempore
1257 2330 1478 2370 existentium,
1511 2335 1541 2362 et
1572 2329 1739 2372 praedictis

997 2384 1094 2417 sacris
1104 2384 1378 2417 constitutionibus
1392 2389 1421 2416 et
1438 2383 1570 2423 statutis,
1587 2388 1617 2415 et
1631 2388 1740 2415 contra

998 2438 1140 2481 ipsorum
1155 2438 1328 2482 respective
1346 2437 1511 2481 proprium
1526 2437 1738 2469 iuramentum

1035 2519 1044 2545 1
1070 2518 1125 2545 lam
1141 2517 1277 2545 habentur
1291 2517 1315 2544 in
1333 2521 1398 2544 tom.
1415 2524 1440 2543 vi
1457 2525 1518 2552 pag.
1536 2517 1586 2543 548
1603 2518 1640 2553 (n.
1656 2518 1704 2551 T.).

1033 2564 1048 2589 :²
1069 2564 1098 2589 ln
1115 2563 1166 2589 loc.
1189 2563 1283 2598 parall.
1305 2562 1393 2597 aptius
1408 2562 1506 2597 legitur
1519 2562 1652 2597 fidelium
1669 2570 1739 2597 quo—

999 2607 1137 2634 rumttbet
1152 2608 1190 2642 (n.
1207 2608 1256 2641 Τ.).

1641 183 1704 217 717
1751 192 1800 219 An.
1823 191 1851 219 c.
1868 193 1932 220 1661

1826 364 1937 384 Decretum

1754 392 1812 414 Paul:
1829 393 1862 413 IV.

1826 952 1937 973 Decretum

1755 980 1815 1000 Pauli
1831 980 1862 1001 111.
