2202 3190
243 139 290 167 An.
309 140 338 167 C.
359 139 421 166 1661

258 388 260 391 .
277 362 387 381 Decretum
403 360 427 380 ir·

246 391 317 408 rllnnS.

296 1475 340 1495 Sub
367 1475 439 1501 poenis

257 1501 348 1522 edictum
360 1501 440 1522 serrari

256 1528 351 1550 mandat.

472 129 534 164 735

444 193 474 220 et
499 188 632 230 amplius
654 187 749 220 valvis
763 187 913 220 ecclesiae
928 187 1115 222 cathedralis
1128 199 1183 222 seu

446 240 573 272 maioris
599 240 669 280 loci,
695 240 725 272 in
750 250 812 283 quo
837 240 914 273 haec
938 246 1081 284 agentur,
1099 242 1182 284 affigi

445 297 566 325 curent.

489 346 504 387 g
541 345 569 377 5.
607 345 814 379 Decernentes
849 352 1029 390 praesentes
1065 347 1184 380 litteras

446 399 531 431 nullo
558 409 695 443 unquam
729 404 871 443 [empore
901 400 938 432 de
971 400 1183 444 subreptionis

447 452 492 484 vel
519 451 714 494 obreptionis
741 452 826 493 vitio,
851 458 904 485 aut
929 453 1109 486 intentionis
1129 464 1185 486 no-

446 510 528 537 strae
553 505 686 545 defectu,
712 505 804 538 etiam
825 517 860 539 ex
879 517 916 539 eo
934 507 1017 550 quod
1035 507 1185 539 interesse

446 558 595 590 babentes
620 558 724 590 forsan
749 559 849 592 vocati
874 569 936 592 non
968 559 1080 591 suerint
1096 586 1103 599 ,
1136 560 1185 592 vel

446 610 546 650 aliter,
571 610 683 650 notari,
714 611 803 654 argui
829 622 883 644 seu
908 612 1110 655 impugnari,
1135 615 1187 645 aul

447 662 504 695 sub
530 663 691 706 quibusvis
716 664 987 705 revocationibus,
1012 664 1187 708 suspensio-

448 716 558 757 nibus,
585 717 823 750 limitationibus
848 723 901 750 aut
924 717 992 750 aliis
1022 717 1187 750 contrariis

448 768 706 812 dispositionibus
726 770 819 802 etiam
838 770 875 802 ab
890 769 999 802 eadem
1016 769 1094 803 Sede
1108 780 1188 802 ema-

448 823 528 854 natis
554 827 583 855 et
608 823 638 855 in
664 828 826 867 posterum
848 823 1029 856 emanandis
1047 833 1188 867 compre-

448 875 541 907 hendi
567 886 671 919 posse,
696 876 749 909 sed
775 877 843 909 illas
868 887 992 920 semper
1017 876 1134 909 validas
1160 881 1189 909 et

450 929 591 962 efficaces
623 930 778 971 existere,
811 941 946 973 suosque
977 930 1134 974 plenarios
1160 936 1189 963 et

450 982 589 1025 integros
614 984 742 1016 effectus
774 983 880 1016 sortiri
913 983 1049 1023 debere,
1083 983 1190 1026 sicque

449 1046 505 1079 per
522 1046 738 1079 quoscumque
763 1036 881 1069 iudices
897 1041 927 1069 et
945 1035 1189 1076 commissarios,

450 1089 559 1132 quavis
579 1090 765 1122 auctoritate
789 1090 973 1132 fungentes,
999 1089 1121 1121 sublata
1147 1089 1191 1121 eis

451 1148 480 1174 et
500 1153 608 1175 eorum
631 1142 758 1175 cuilibet
784 1142 892 1186 quavis
916 1142 1006 1174 aliter
1035 1142 1189 1175 iudicandi

452 1202 482 1229 et
507 1196 730 1239 interpretandi
757 1196 902 1228 facultate
927 1202 957 1229 et
981 1197 1167 1229 auctoritate
1183 1223 1190 1237 ,

452 1250 569 1294 ubique
588 1250 719 1282 iudicari
737 1254 766 1282 et
782 1250 905 1282 definiri
924 1249 1050 1292 debere,
1069 1260 1191 1283 necnon

453 1304 578 1337 irritum
605 1309 634 1336 et
659 1303 771 1344 inane,
797 1303 821 1335 si
852 1314 941 1336 secus
971 1314 1066 1347 super
1096 1304 1146 1335 his
1176 1314 1192 1336 a

453 1368 623 1402 quoquam,
648 1357 755 1400 quavis
773 1357 968 1397 auctoritate,
993 1357 1128 1390 scienter
1147 1357 1193 1390 rel

454 1412 645 1454 ignoranter,
671 1411 838 1453 contigerit
862 1410 1016 1443 attentari.

499 1466 514 1507 ξ
538 1465 566 1497 6.
600 1465 752 1503 Quocirca
782 1464 1014 1496 venerabilibus
1046 1463 1195 1496 fratribus

455 1519 693 1561 archiepiscopo
718 1517 878 1549 Bisuntino
903 1522 933 1549 et
957 1517 1106 1560 episcopo
1128 1517 1192 1550 An-

456 1571 641 1604 drevellcnsi
667 1570 885 1612 suffraganeo,
911 1580 947 1603 ac
971 1570 1092 1603 dilectis
1124 1570 1196 1602 filiis

457 1635 622 1658 causarum
650 1613 923 1656 curiae'camerae
941 1623 1129 1666 apostolicae
1147 1634 1196 1666 ge-

458 1678 557 1710 nerali
581 1677 716 1710 auditori
742 1682 772 1709 et
792 1676 917 1710 officiali
939 1677 1110 1718 Bisuntino,
1128 1687 1197 1709 nec-

455 1742 519 1764 non
535 1732 602 1763 aliis
620 1731 870 1775 quibuscumque
889 1730 1119 1763 venerabilibus
1137 1731 1196 1763 sra-

458 1786 558 1818 tribus
575 1784 830 1828 art-liitpiscopis,
849 1784 1005 1828 episcopis
1023 1794 1197 1827 corumque

458 1838 644 1872 officialibus
670 1838 860 1881 ubicumque
886 1837 1101 1878 existentibus,
1128 1838 1196 1881 qui-

458 1893 516 1925 bus
550 1897 730 1936 praesentes
766 1896 890 1924 nostrae
926 1891 1048 1924 litterae
1084 1891 1198 1923 fuerint

460 1946 618 1978 exhibitae
643 1956 678 1978 ac
699 1948 926 1988 praesentatae,
943 1955 1000 1988 per
1017 1950 1198 1988 praesentes

461 1999 687 2032 committimus
702 2004 731 2030 et
749 1998 933 2031 mandamus
955 1998 985 2030 in
1005 1998 1117 2031 virtute
1135 2009 1199 2030 san-

461 2058 529 2085 ctae
553 2052 749 2085 obedientiae
774 2057 928 2094 quatenus
954 2051 1029 2095 ipsi,
1055 2052 1101 2083 vel
1127 2052 1199 2092 duo,

461 2112 514 2138 aut
538 2117 617 2138 unus
638 2116 758 2147 corum,
785 2116 840 2148 per
864 2115 913 2146 se,
940 2105 986 2137 vel
1013 2105 1118 2146 alium,
1145 2116 1199 2138 seu

461 2160 548 2199 alios,
574 2159 697 2191 easdem
723 2159 842 2190 litteras
870 2162 899 2191 et
931 2158 961 2190 in
987 2158 1030 2190 eis
1056 2164 1200 2192 contenta

461 2223 689 2257 ‹piaecumque,
715 2212 767 2245 ubi
793 2217 822 2244 et
847 2212 972 2255 quando
986 2223 1064 2256 opus
1090 2213 1200 2253 suerit,

461 2272 514 2299 aut
538 2266 659 2309 quoties
684 2266 819 2309 desuper
844 2265 961 2298 suerint
980 2266 1133 2309 requisiti,
1152 2276 1200 2299 so-

462 2320 607 2351 lemniter
632 2319 837 2362 publicantes,
856 2318 969 2352 saciant
993 2329 1044 2351 eas
1067 2329 1201 2362 exequu-

464 2372 537 2405 tioui
554 2373 681 2405 omniuo
692 2371 902 2413 demandare',
916 2377 945 2405 et
959 2382 1031 2405 suos
1045 2372 1201 2416 plenarios

465 2425 606 2457 obtinere
632 2425 770 2468 effectus,
797 2426 881 2458 iuxta
905 2435 1013 2459 earum
1039 2425 1201 2459 continen-

504 2542 513 2565 1
536 2540 630 2575 Aptius
646 2541 703 2575 lege
719 2541 894 2568 demandari
907 2542 947 2576 (u.
965 2541 1011 2577 Τ,).

1026 140 1180 164 auctarum
1187 135 1208 159 M
1235 139 1388 165 Romnum

1217 188 1291 221 tiam
1316 193 1346 221 et
1370 193 1510 222 tenorem
1526 215 1533 229 ‚
1563 199 1624 222 non
1657 189 1873 232 permittentes
1905 198 1957 222 eas

1217 241 1327 284 quovis
1353 241 1446 274 modo
1471 240 1616 284 impediri
1636 241 1681 273 vel
1700 241 1861 284 retardari,
1884 251 1958 275 con-

1219 293 1404 326 tradictores
1429 293 1585 337 quoslibet
1605 298 1634 326 et
1651 293 1794 335 rebelles,
1819 304 1854 327 ac
1872 304 1958 338 prae-

1220 346 1321 379 missis
1346 357 1407 379 non
1434 352 1589 390 parentes,
1609 357 1666 390 per
1684 346 1861 387 sententias,
1888 357 1958 379 cen-

1220 410 1308 432 suras
1345 405 1375 432 et
1410 409 1527 443 poenas
1557 399 1804 440 ecclesiasticas,
1837 399 1959 444 aliaque

1220 458 1400 495 opportuna
1425 452 1501 485 iuris
1526 457 1556 484 et
1579 452 1651 485 sacti
1676 451 1832 492 remedia,
1857 451 1960 495 appel-

1221 505 1335 538 latione
1360 505 1544 549 postposita,
1571 504 1817 548 compescendo,
1839 514 1962 537 necnon

1222 558 1290 591 illos
1316 559 1495 599 sententias,
1520 568 1668 590 censuras
1686 563 1715 590 et
1735 567 1853 601 poenas
1870 566 1961 601 prae-

1222 610 1320 644 dictas
1332 611 1501 644 incurrisse
1514 610 1712 651 declarando,
1727 611 1858 654 illasque
1868 609 1960 643 etiam

1223 663 1341 696 iteratis
1356 663 1474 696 vicibus
1486 663 1696 706 aggravando,
1712 663 1855 696 invocato
1870 661 1962 696 etiam

1223 716 1261 748 ad
1290 717 1363 758 boc,
1395 716 1421 749 si
1453 727 1531 760 opus
1564 716 1677 756 fuerit,
1702 716 1817 749 auxilio
1840 714 1963 749 brachii

1224 769 1384 802 secularis.

1269 823 1284 865 ξ
1299 822 1326 854 7.
1342 823 1410 855 Νοη
1424 821 1618 855 obstantibus
1636 822 1828 866 praemissis,
1841 832 1877 855 ac
1894 821 1963 854 aliis

1224 877 1425 921 apostolicis,
1450 887 1572 910 necnon
1605 877 1635 909 in
1665 876 1910 920 provincialibus
1934 880 1964 908 et.

1225 930 1424 975 synodalibus
1450 929 1590 963 conciliis
1621 929 1733 970 editis,
1765 928 1964 972 generalibus

1226 985 1272 1017 vel
1286 984 1485 1028 specialibus,
1502 983 1779 1018 constitutionibus
1796 988 1826 1016 et
1843 982 1965 1016 ordina-

1225 1037 1385 1078 tionibus,
1417 1048 1452 1070 ac
1486 1037 1577 1071 etiam
1608 1036 1785 1081 praedictae
1816 1035 1965 1069 eeclesiae

1226 1091 1414 1131 Bisuntinae,
1439 1096 1532 1135 atque
1554 1091 1646 1123 etiam
1673 1090 1866 1132 iuramento,
1892 1099 1965 1122 con·

1227 1144 1407 1177 firmatione
1431 1144 1601 1187 apostolica
1627 1149 1655 1176 et
1681 1143 1788 1187 quavis
1816 1142 1966 1175 firmitate

1228 1197 1288 1229 alia
1303 1197 1469 1238 roboratis,
1487 1197 1609 1229 statutis
1627 1202 1656 1229 et
1674 1195 1965 1236 consuetudinibus,

1228 1251 1401 1294 privilegiis
1426 1261 1562 1295 quoque,
1580 1250 1707 1283 indultis
1722 1255 1751 1282 et
1763 1249 1874 1282 litteris
1891 1259 1965 1293 apo-

1229 1304 1346 1337 stolicis
1371 1304 1634 1348 quilmsciu‘uque,
1656 1304 1702 1336 vel
1720 1303 1884 1347 quibusvis
1897 1302 1966 1335 aliis

1227 1358 1379 1401 personis,
1397 1358 1454 1391 sub
1477 1358 1728 1401 quibuscumque
1753 1356 1913 1390 tenoribus
1938 1360 1967 1389 et

1228 1411 1347 1451 formis,
1372 1423 1407 1444 ac
1433 1422 1503 1444 cum
1530 1411 1692 1454 quibusvis
1721 1410 1812 1443 etiam
1834 1410 1967 1453 deroga-

1229 1465 1380 1498 toriaruiu
1406 1465 1626 1508 derogatoriis,
1651 1465 1781 1508 aliisque
1806 1463 1964 1497 efficacio-

1229 1519 1316 1551 ribus
1329 1524 1358 1551 et
1372 1519 1504 1552 insolitis
1529 1518 1687 1559 clausulis,
1709 1517 1968 1561 irritantibusque

1230 1577 1259 1604 et
1284 1572 1351 1604 aliis
1376 1572 1520 1613 decretis,
1539 1571 1570 1604 in
1590 1581 1706 1614 genere
1725 1571 1771 1604 vel
1797 1571 1827 1603 in
1852 1570 1967 1614 specie,

1231 1625 1322 1658 etiam
1350 1631 1435 1659 motu
1449 1625 1579 1669 proprio
1597 1631 1626 1658 et
1643 1625 1717 1657 alias
1731 1623 1969 1669 quomodolibet

1232 1679 1398 1720 concessis,
1423 1678 1603 1722 approbatis
1620 1682 1650 1711 et
1667 1678 1836 1717 innovatis3
1854 1677 1969 1720 quibus

1231 1732 1397 1772 omnibus,
1423 1732 1542 1764 etiamsi
1568 1742 1624 1775 pro
1652 1731 1778 1764 illorum
1804 1729 1968 1763 sufficienti

1231 1785 1435 1828 derogatione
1459 1785 1497 1818 de
1533 1785 1593 1817 illis
1625 1795 1797 1828 eorumque
1821 1783 1894 1817 totis
1926 1787 1969 1815 te-

1232 1838 1372 1880 noribus⁷
1398 1838 1554 1882 specialis,
1580 1837 1743 1881 specifica,
1770 1847 1916 1881 expressa
1941 1841 1971 1869 et

1233 1891 1402 1932 individua,
1420 1901 1481 1924 non
1499 1896 1602 1923 autem
1627 1901 1683 1934 per
1701 1891 1855 1923 clausulas
1876 1900 1970 1934 gene-

1234 1946 1314 1978 rales
1337 1945 1417 1978 idem
1441 1945 1657 1989 importantes,
1676 1944 1792 1977 mentio
1813 1954 1867 1977 seu
1881 1955 1972 1988 quae·

1235 1999 1278 2031 vis
1295 1999 1354 2031 alia
1368 1998 1528 2042 expressio
1549 1998 1692 2031 habenda
1712 2003 1764 2031 aut
1784 1998 1888 2041 aliqua
1912 1997 1972 2030 alia

1234 2053 1386 2096 exquisita
1412 2052 1519 2085 forma.
1542 2052 1579 2084 ad
1611 2052 1669 2085 boc
1693 2052 1845 2085 servanda
1870 2052 1971 2093 soret,

1234 2116 1343 2139 eorum
1370 2111 1494 2139 tenores
1511 2105 1727 2149 praesentibus
1740 2116 1800 2148 pro
1817 2105 1972 2149 expressis

1235 2160 1394 2202 babentes,
1422 2159 1481 2192 illis
1494 2159 1568 2192 alias
1586 2159 1616 2191 in
1630 2169 1686 2192 suo
1704 2159 1819 2192 robore
1832 2168 1973 2202 perman-

1234 2213 1335 2253 suris,
1366 2213 1424 2245 bac
1456 2212 1522 2245 vice
1555 2212 1715 2246 dumtaxat
1741 2212 1919 2256 specialiter
1943 2216 1973 2244 et

1235 2276 1382 2310 expresse
1396 2265 1596 2309 derogamus;
1614 2265 1790 2309 ceterisque
1807 2264 1973 2299 contrariis

1235 2320 1503 2364 quibuscumque;
1529 2324 1581 2352 aut
1605 2319 1630 2352 si
1654 2319 1810 2363 aliquibus
1833 2322 1972 2352 commu-

1236 2373 1316 2405 niter
1342 2373 1387 2406 vel
1413 2373 1536 2405 divisim
1561 2373 1599 2405 ab
1626 2372 1735 2405 eadem
1761 2372 1800 2405 sit
1824 2371 1902 2405 Sede
1926 2372 1972 2405 in-

1235 2426 1367 2467 dultum,
1392 2426 1476 2470 quod
1501 2426 1653 2466 interdici,
1679 2426 1827 2469 suspendi
1853 2426 1900 2458 vel
1926 2436 1973 2458 ex-

1236 2479 1461 2512 communicari
1500 2490 1561 2512 non
1602 2479 1722 2522 possint
1760 2490 1816 2522 per
1857 2479 1973 2512 litteras

1235 2533 1423 2577 apostolicas
1447 2542 1509 2565 non
1534 2532 1680 2565 facientes
1704 2533 1829 2576 plenam
1861 2538 1891 2566 et
1921 2543 1970 2567 ex-

1975 141 2022 168 An.
2039 141 2068 168 G.
2087 142 2148 171 ¹601

2001 835 2113 858 Contrariis
2121 837 2155 859 do·
2186 827 2190 860 l

1980 865 2046 889 rogat.
