2243 3205
947 131 1043 155 ixnssx
1069 133 1174 157 nnat-ir
1721 126 1784 160 793

289 181 434 217 Comensi
459 183 608 228 episcopo
633 184 811 218 restituitur
842 184 1020 218 iurisdictio
1045 185 1076 218 in
1102 185 1293 228 capitulum,
1322 187 1491 228 dignitates
1517 193 1547 221 et
1572 189 1746 222 canonicos
1771 190 1827 223 Co-

378 247 514 278 menses,
540 248 718 281 eorumque
744 238 1000 281 consanguineos
1024 243 1055 271 et
1080 239 1260 279 familiares,
1289 239 1353 272 6:32
1378 241 1394 272 b
1418 246 1449 274 et
1472 252 1536 284 seq.

289 290 501 324 Commendae
518 291 687 333 eriguntur
703 290 870 334 hospitalis
889 290 919 323 S.
938 290 1066 323 Ioannis
1086 290 1379 336 Hierosolymitani‚
1397 293 1462 327 333
1482 294 1498 326 b
1516 300 1545 328 et
1566 305 1644 338 seqx,
1667 301 1696 328 et
1721 295 1780 328 4ll
1811 296 1827 325 Ι)

376 348 484 387 etseq.

287 395 522 440 Complutensis
546 395 738 429 universitas
763 401 896 440 augetur
920 396 1078 430 cathedris
1102 397 1180 430 iuris
1204 398 1315 439 civilis,
1334 399 1396 432 177
1421 400 1437 432 b
1461 406 1491 434 et
1515 412 1588 444 seq.;
1614 403 1747 435 recitare
1771 415 1827 446 po-

375 455 435 482 test
461 448 601 482 officium
629 448 659 483 S.
685 449 824 483 Thomae
849 449 887 482 de
919 450 1101 491 villanova,
1128 451 1187 484 491
1217 463 1255 491 α;
1288 452 1465 494 decretum,
1496 465 1560 498 quo
1592 454 1825 489 observandum

374 502 566 545 proponitur
596 506 751 535 statutum
777 512 850 535 thv
874 504 912 535 de
937 502 1116 537 obedientia
1142 505 1258 538 rectori
1283 505 1426 538 eiusdem
1451 508 1634 540 academiae
1658 509 1697 541 ab
1723 510 1827 543 omni-

374 555 434 586 bus
459 553 497 586 de
521 553 729 587 universitate
754 556 961 597 praestanda,
986 555 1050 588 49⁶2
1075 568 1115 596 α’,
1150 558 1370 601 supradictum
1396 565 1550 593 statutum
1578 571 1649 594 inv
1675 564 1823 603 refertur,

373 606 438 640 492
463 617 503 647 α;
530 617 661 650 poenae,
689 618 769 651 quas
793 608 962 642 incurrunt
987 615 1142 643 statutum
1166 610 1251 644 idem
1275 622 1339 644 non
1365 612 1579 655 observantes,
1607 615 1672 648 493
1697 627 1737 655 (ι’,
1763 618 1827 650 suf-

376 661 511 703 fragium
536 671 600 693 non
624 661 763 694 habeant
787 661 849 694 nisi
879 662 1026 696 doctores
1053 663 1108 707 qui
1134 674 1192 707 per
1216 675 1266 697 sex
1292 676 1416 698 menses
1442 667 1608 700 continuos
1640 675 1826 712 praesentes

372 713 490 747 fuerint
515 719 591 747 ante
614 719 723 747 votum
748 715 928 756 ferendum,
955 715 1020 748 508
1045 716 1071 749 h.

284 767 508 812 conceptionis
534 768 567 801 B.
595 768 635 801 Μ.
662 769 697 801 V.
724 767 842 802 festum
867 770 898 802 in
923 768 1022 802 Gallia
1048 770 1088 803 de
1112 777 1285 815 praecepto
1310 771 1473 813 indicitur,
1500 773 1564 807 ⁵280
1589 786 1608 807 (ι
1634 781 1663 808 et
1688 776 1718 815 b3
1744 786 1822 819 pro-

371 821 466 854 batur
490 820 588 864 pietas
612 821 821 855 sentientium
846 821 984 855 animam
1009 823 1044 856 B.
1067 823 1107 856 M.
1136 824 1169 856 V.
1197 824 1294 859 fuisse
1318 836 1334 857 a
1361 827 1487 859 macula
1514 827 1634 870 peccati
1657 828 1825 871 originalis

371 881 608 919 praeservatam
633 875 819 917 immunem,
845 883 876 910 et
899 876 931 908 in
955 876 1017 910 hoc
1041 887 1134 910 sensu
1160 877 1229 911 eius
1256 878 1481 922 Conceptionis
1504 880 1703 915 festivitatem
1721 882 1825 916 colen-

370 928 465 970 tium,
489 927 553 962 739
577 929 605 962 b.

282 982 508 1027 Conceptionis
534 984 568 1017 B.
596 983 635 1017 M.
664 984 698 1016 V.
726 983 953 1017 Immaculatae
977 982 1145 1025 moniales,
1172 982 1235 1017 69⁶2
1261 995 1299 1026 α;
1327 985 1470 1029 ipsorum
1496 988 1731 1021 monasterium
1757 999 1822 1032 op-

368 1036 434 1081 pidi
459 1037 585 1070 Madriti
609 1037 642 1070 in
667 1036 850 1081 Hispaniae,
877 1037 955 1069 ibid.

282 1089 450 1124 Concessio
475 1089 625 1124 ecclesiae
650 1095 680 1123 et
704 1095 879 1124 conventus
911 1091 942 1124 S.
970 1091 1128 1125 Pancratii
1159 1098 1245 1126 extra
1278 1098 1309 1126 et
1341 1104 1441 1138 prope
1473 1105 1583 1129 muros
1616 1095 1709 1129 Urbis
1742 1097 1823 1131 facta

368 1142 520 1176 fratribus
545 1142 721 1176 Carmelitis
747 1142 962 1184 Discalceatis‚
990 1143 1053 1177 767
1078 1156 1098 1178 α
1123 1150 1153 1178 et
1176 1156 1236 1189 seq.

281 1195 449 1231 Concessio
474 1196 620 1230 undecim
647 1196 952 1240 Congregationibus
977 1199 1174 1240 monasticis,
1194 1203 1229 1232 ut
1248 1199 1375 1243 capiant
1400 1200 1439 1233 ad
1457 1211 1587 1234 censum
1606 1202 1820 1246 cruadraginta

369 1248 468 1282 millia
492 1254 583 1283 scuta
606 1256 754 1283 monetae
778 1260 836 1295 pro
862 1251 966 1294 prima
991 1251 1149 1285 solutione
1174 1263 1227 1285 sex
1252 1253 1462 1293 decimarum,
1490 1254 1548 1287 721
1578 1266 1597 1287 α
1618 1261 1728 1299 etseq.

280 1303 473 1338 Conchensis
497 1304 601 1338 clerus
625 1310 655 1337 et
679 1305 813 1339 ecclesia
838 1306 877 1339 ad
902 1305 1142 1339 caeremonialis
1171 1310 1201 1339 et
1233 1306 1368 1339 missalis
1401 1307 1526 1340 romani
1559 1307 1818 1342 observationem

369 1356 590 1400 adstringitur,
615 1356 675 1390 3021
705 1369 724 1391 α
749 1364 780 1391 et
805 1358 832 1392 b.

279 1410 493 1445 Conclavistae
517 1411 572 1454 qui
596 1411 808 1445 interfuerunt
834 1411 976 1445 conclavi
1003 1411 1077 1444 anni
1104 1422 1206 1446 iincnv
1230 1413 1403 1456 privilegiis
1428 1419 1595 1456 ornantur,
1618 1414 1679 1448 211
1709 1415 1745 1456 b;
1772 1426 1820 1449 re-

368 1470 539 1498 censentur
572 1464 773 1508 singulorum
798 1466 941 1505 nomina,
967 1464 1032 1498 218
1057 1466 1073 1497 b
1098 1471 1127 1499 et
1150 1477 1211 1510 seq,

279 1518 458 1552 Concordia
482 1528 578 1561 super
602 1518 824 1552 controversiis
848 1518 932 1551 inter
956 1519 1142 1562 episcopum
1168 1525 1199 1552 et
1224 1519 1399 1563 capitulum
1426 1521 1579 1555 eeclesiae
1601 1521 1762 1556 Curiensis
1787 1529 1818 1556 et

366 1571 513 1605 abbatem
538 1571 722 1605 monasterii
747 1571 986 1605 Dissertinensis
1011 1571 1172 1605 Curiensis
1197 1573 1364 1613 dioecesis,
1392 1574 1457 1607 5024
1476 1586 1504 1608 α.

278 1625 454 1658 Concordia
479 1635 577 1668 super
601 1625 811 1659 dissolutione
842 1625 972 1659 unionis
1004 1627 1252 1660 universitatum
1285 1634 1499 1662 mercatorum
1536 1634 1566 1662 et
1596 1628 1818 1663 fundacalium

365 1678 405 1712 de
429 1678 525 1718 Urbe,
553 1678 616 1712 640
633 1679 660 1712 b.
1229 1712 1231 1714 .
1341 1724 1343 1726 q

276 1731 481 1766 Confirmatio
506 1732 679 1765 sententiae
704 1732 875 1766 asserentis
900 1732 1038 1765 animam
1064 1733 1097 1766 B.
1124 1733 1161 1765 M.
1186 1734 1219 1766 V.
1246 1734 1277 1767 in
1303 1734 1351 1767 sui
1378 1735 1541 1769 creatione
1572 1741 1602 1769 et
1634 1736 1667 1770 in
1697 1746 1816 1781 corpus

364 1785 523 1818 infusione
548 1796 564 1818 a
590 1791 721 1829 peccato
747 1785 894 1829 originali
920 1792 1152 1829 praeservatam
1179 1787 1287 1829 fuisse,
1317 1787 1379 1821 739
1404 1799 1423 1820 α
1448 1794 1478 1822 et
1504 1800 1567 1832 seq.

277 1839 488 1883 Congregatio
512 1838 685 1872 reformata
710 1838 740 1872 S.
770 1839 920 1872 Bernardi
947 1840 1179 1874 monachorum
1204 1841 1311 1875 Italiae
1335 1841 1462 1875 Ordinis
1488 1842 1718 1884 cisterciensis,
1743 1842 1818 1876 vide

364 1892 515 1926 Bernardi
541 1891 600 1935 (S.)
627 1892 831 1936 congregatio
857 1894 1036 1926 reformata.

274 1945 481 1990 Congregatio
507 1945 698 1979 clericorum
723 1948 917 1981 secularium
943 1947 1112 1981 Doctrinae
1137 1947 1335 1981 Christianae
1367 1949 1398 1981 in
1424 1949 1522 1983 Gallia
1548 1949 1606 1982 tria
1640 1955 1712 1984 vota
1743 1951 1816 1983 sim-

363 2000 457 2044 plicia
481 1999 601 2034 emittit
624 2010 698 2033 eum
723 2000 900 2034 iuramento
925 2001 1161 2045 perseverandi,
1187 2000 1252 2034 445
1281 2013 1301 2034 α
1330 2007 1359 2035 et
1394 2013 1468 2046 seq.;
1500 2003 1712 2037 confirmatur
1742 2015 1815 2037 cum

363 2053 525 2087 nonnullis
550 2053 736 2097 privilegiis,
764 2053 827 2087 487
854 2054 888 2095 I);
914 2054 1134 2088 ordinationes
1158 2065 1254 2098 super
1279 2055 1473 2089 admissione
1498 2056 1537 2089 ad
1562 2062 1635 2090 vota
1659 2057 1814 2101 simplicia

365 2112 396 2140 et
419 2116 525 2140 saeros
554 2106 682 2141 ordines
707 2108 746 2141 ad
772 2108 898 2141 titulum
924 2108 1024 2151 ipsius
1050 2108 1331 2152 Congregationis,
1359 2108 1422 2142 497
1451 2120 1488 2149 α;
1516 2109 1575 2154 ipsi
1605 2110 1814 2144 confirmatur

364 2160 497 2194 facultas
521 2160 657 2195 docendi
683 2161 714 2194 in
740 2162 858 2196 scholis
883 2162 1020 2206 publicis
1045 2172 1151 2196 sacras
1183 2161 1332 2195 scientias
1364 2163 1635 2207 humanioresque
1668 2163 1809 2203 litteras,

362 2214 427 2248 566
452 2225 471 2247 α
496 2219 525 2248 et
550 2225 613 2258 seq.

275 2267 487 2312 Congregatio
512 2267 559 2300 de’
579 2268 656 2301 Fata
680 2268 756 2301 bene
780 2268 918 2302 Fratellt'
949 2269 982 2302 B.
1019 2268 1143 2303 Ioannis
1175 2268 1230 2302 Dei
1262 2279 1279 2301 a
1313 2268 1533 2303 iurisdictione
1567 2269 1810 2303 Ordinariorum

362 2321 520 2361 eximitur,
546 2320 606 2354 511
637 2322 663 2354 b.

275 2375 485 2420 congregatio
510 2375 548 2408 de
571 2375 781 2420 Propaganda
806 2377 884 2411 Fide
904 2378 995 2421 plura
1019 2376 1161 2410 decernit
1178 2385 1235 2420 pro
1260 2376 1345 2410 bono
1371 2375 1523 2420 regimine
1548 2375 1707 2420 spirituali
1734 2376 1809 2411 fide-

363 2430 441 2463 lium
467 2428 564 2468 Goae,
588 2428 652 2462 326
677 2430 714 2469 ὸς
740 2431 810 2464 vide
830 2430 1049 2474 Propaganda.

273 2483 482 2528 congregatio
506 2482 639 2515 fratrum
664 2483 876 2517 Eremitarnm
902 2484 932 2517 S.
960 2483 1129 2526 Augustini
1155 2483 1410 2516 Reformatorum
1435 2482 1692 2527 Congregationis
1717 2483 1810 2517 Galli-

362 2546 460 2570 canae
485 2535 759 2570 confirmationcm
785 2538 906 2572 obtinet
930 2547 1061 2570 snorum
1087 2536 1341 2580 privilegiorum,
1367 2535 1409 2568 84
1434 2547 1463 2569 tt.

414 2598 493 2628 Buzl.
516 2598 598 2626 Rom.
620 2615 652 2618 --
677 2599 735 2628 Vol.
758 2599 832 2627 XVI.
998 2599 1048 2626 100
