2185 3188
68 191 118 218 An.
137 190 165 216 C.
184 188 249 217 1656

94 514 230 542 Supplicatio.

863 188 1047 212 ALEXANDER
1074 189 1117 212 vlt
1143 191 1189 212 f'l‘.

308 234 507 268 risdictionis
538 246 575 269 ac
608 236 830 270 immunitatis
854 240 882 269 et
908 236 1002 269 liber-

308 288 382 322 tatis
408 288 671 324 eeclesiasticae'.

456 378 622 406 Alexander
646 379 724 413 Papa
743 379 807 410 vn,

408 423 445 449 ad
464 423 597 451 futuram
616 424 662 451 rei
676 424 855 451 memoriam.

307 501 376 545 5¹-
401 502 519 546 Exponi
551 502 642 536 nohis
672 513 773 548 nuper
806 503 877 536 fecit
909 503 1003 536 caris-

263 554 362 588 simus
385 555 418 588 in
442 555 563 589 Christo
593 556 675 589 filius
710 561 817 589 noster
841 556 1002 600 Philippus

263 607 483 652 Hispaniarum
503 620 557 643 rex
574 609 757 650 catholicus,
771 610 866 654 quod,
883 616 1003 654 praete-

262 661 396 695 ritorum
425 663 618 707 principatus
651 664 826 697 Cataloniae
859 668 1001 697 motuum

262 715 436 757 occasione,
455 716 569 750 multae
585 727 739 760 personae
757 716 898 750 eiusdem
920 717 1002 761 prin-

232 811 239 816 ·
262 767 380 812 cipatus
406 768 541 802 cuiusvis
572 769 759 803 conditionis
784 775 914 814 propter
940 770 1002 804 vio-

67 996 72 1003 ’
84 992 195 1016 Communi
205 997 216 1012 ο
232 992 247 1013 1-

69 1020 138 1047 «copis
165 997 248 1048 Catara-

68 1047 152 1072 niae‚nt
163 1046 246 1065 dioneo-

68 1078 129 1095 ωηο·
137 1071 248 1093 aheotvant

67 1106 81 1121 a
94 1100 193 1121 censuris.

261 821 408 854 lationem
434 821 658 856 iurisdictionis
686 834 722 856 ac
742 823 948 856 immunitatis
973 829 1003 856 et

261 873 415 908 libertatis
448 875 677 908 ecclesiasticae
702 876 732 908 in
758 876 858 909 varias
893 887 1002 910 censu-

261 937 312 961 ras
337 932 367 961 et
389 937 506 972 poenas
531 928 757 962 ecclesiasticas
790 930 1000 962 incurrerunt.

306 982 321 1025 ξ]
336 980 365 1014 2.
383 981 459 1015 Cum
485 987 599 1023 autem,
617 982 697 1015 sicut
714 982 822 1015 eadem
849 983 1001 1027 expositio

262 1034 482 1077 subiungebat,
507 1035 608 1069 dictus
625 1036 789 1080 Philippus
810 1046 863 1069 rex
885 1036 1000 1069 eisdem

262 1088 406 1133 personis
422 1088 460 1121 de
477 1094 672 1133 opportunae
687 1089 894 1123 absolutionis
912 1090 1002 1124 bene-

263 1141 334 1175 ficio
354 1152 410 1185 pei·
428 1152 484 1175 nos
505 1142 535 1175 in
554 1143 736 1186 praemissis
756 1143 916 1187 provideri
936 1144 1021 1191 9¹⁰²}

262 1195 376 1229 rimum
402 1195 574 1228 desideret:
600 1207 666 1236 nos,
685 1196 758 1240 qui²
775 1197 914 1229 eiusdem
937 1197 1003 1230 Phi-
1020 1197 1021 1208 ¹

262 1248 339 1293 lippi
363 1249 447 1292 regis
473 1249 565 1292 votis,
596 1255 747 1293 quantum
774 1261 845 1283 cum
870 1251 1021 1284 Domino³

261 1312 439 1346 possumus,
460 1302 672 1336 favorabiliter
689 1313 828 1336 annuere
853 1304 1002 1345 volentes,
1038 1298 1152 1325 Dilecto
1167 1298 1228 1325 filio
1244 1298 1386 1332 magistro
1399 1299 1499 1326 carolo
1512 1299 1608 1333 cerro,
1624 1300 1779 1334 capellano

263 1355 544 1400 supplicationibus
561 1356 628 1389 eius
645 1357 772 1390 nomine
797 1357 888 1390 nobis
909 1367 1003 1401 super

262 1408 323 1443 hoc
345 1409 507 1444 humiliter
538 1410 693 1454 porrectis
718 1411 878 1451 inclinati,
912 1412 1021 1446 vene-s

263 1463 415 1497 rabilibus
441 1463 590 1497 fratribus
623 1463 777 1508 episcopis
802 1475 858 1508 per
884 1475 1021 1497 memo-1

264 1522 365 1550 ratum
391 1516 600 1561 principatum
625 1518 802 1551 Cataloniae
826 1518 1022 1551 constitutis}
1132 1556 1138 1560 ⁴
1339 1558 1346 1563 j
1400 1549 1404 1554 ,
1595 1551 1599 1555 ,
1640 1551 1644 1557 ,

264 1581 322 1614 per
346 1576 526 1614 praesentes
562 1571 789 1604 committimus
815 1576 844 1603 et
869 1571 1000 1604 manda-
1074 1550 1202 1576 salutem
1226 1552 1256 1576 et
1277 1551 1473 1583 apostolicam
1493 1551 1743 1578 benedictionem.

265 1635 343 1666 mus,
358 1629 391 1657 ut
409 1624 467 1668 ipsi
481 1635 697 1668 quoscumque
712 1625 915 1658 dioecesanos
931 1636 1003 1658 suos

263 1678 436 1722 respective
470 1679 627 1711 seculares
651 1684 681 1711 et
705 1679 867 1721 regulares
893 1680 1022 1712 utrius-f

263 1741 324 1775 que
341 1741 443 1771 sexus,
465 1732 602 1765 cuiusvis
620 1737 727 1772 status,
745 1732 864 1764 ordinis
889 1737 918 1764 et
935 1743 1004 1766 con·
1020 1760 1022 1779 i

263 1784 389 1818 ditionis
414 1785 541 1825 suerint,
566 1785 589 1817 si
617 1785 658 1817 illi
685 1786 713 1818 id
740 1785 777 1818 ab
803 1785 876 1829 ipsis
902 1796 1004 1829 respe-

264 1838 342 1873 ctive
366 1838 528 1871 humiliter
553 1838 720 1881 petierint,
750 1838 896 1882 imposita
928 1839 1000 1872 illo-

264 1901 333 1924 rum
360 1890 491 1934 singulis
508 1891 648 1934 ipsorum
676 1891 898 1935 episcoporum
924 1892 1005 1924 arbi·

264 1945 325 1978 trio
350 1944 452 1988 aliqua
470 1944 661 1988 poenitentia
682 1945 820 1987 salutari,
842 1956 858 1978 a
879 1944 1022 1989 quibus-³

267 1997 312 2030 vis
345 1997 698 2038 excommunicationis,
733 1998 945 2042 suspensionis
975 2004 1004 2031 et

265 2049 432 2091 interdicti,
450 2050 580 2093 aliisque
601 2051 818 2084 ecclesiasticis
832 2051 1003 2092 sententiis,

265 2156 459 2201 principatus
484 2157 634 2200 praedicti
661 2163 764 2191 motus
789 2164 918 2202 propter
945 2159 1005 2192 rio-

265 2209 411 2242 lationem
438 2209 661 2243 iurisdictionis
686 2216 715 2243 et
748 2211 952 2244 immunitatis
969 2223 1004 2245 ac

264 2262 417 2296 libertatis
449 2263 680 2297 ecclesiasticae
706 2264 792 2307 (non
818 2270 922 2298 tamen
949 2276 1000 2298 ra-

265 2314 348 2349 tione
362 2315 538 2348 violationis
556 2316 719 2350 clausurae
740 2318 1002 2351 monasteriorum

265 2368 459 2409 monialium,
472 2368 610 2412 ipsarum
630 2370 824 2411 monialium,
841 2376 893 2404 aut
910 2371 1004 2405 offen-

265 2422 361 2455 sionis
378 2422 582 2467 presbyteris,
597 2424 643 2456 vel
661 2424 782 2457 clericis
801 2425 916 2468 illatae)
931 2436 1004 2469 quo-

265 2475 438 2509 modolibet
465 2475 675 2517 incurrerunt,
702 2477 731 2509 in
762 2482 895 2521 utroque
925 2478 1003 2519 soro,

302 2548 310 2572 1
337 2546 372 2572 Ex
394 2546 498 2580 Regestl
522 2546 548 2573 in
569 2547 673 2573 Secret.
696 2547 771 2574 ltrer.

300 2590 316 2616 ⁶2
334 2591 389 2617 Vox
411 2591 462 2625 qut·
482 2590 597 2618 delenda
617 2591 656 2626 (n.
680 2600 684 2616 i
701 2592 709 2624 )

1683 182 1745 215 167

1038 237 1223 270 auctoritate
1241 240 1347 271 nostra
1365 240 1548 283 apostolica,
1562 240 1593 272 in
1608 239 1707 273 forma
1726 239 1777 273 Ec-

1038 289 1150 322 clesiae
1175 294 1321 323 consueta
1347 292 1518 325 absolvant.

1082 342 1096 386 §
1121 341 1150 375 3.
1176 343 1244 376 Non
1270 344 1466 377 obstantibus
1486 346 1676 389 apostolici>⁷
1695 346 1776 379 acin

1037 395 1277 436 universalibus,
1303 398 1611 442 provincialibusque
1637 404 1664 431 et
1690 409 1778 443 syno-

1037 448 1159 481 dalibus
1196 450 1337 482 conciliis
1362 451 1472 491 editis,
1499 452 1698 493 generalibus
1729 453 1775 485 vel

1037 501 1246 544 specialibus,
1281 503 1556 536 constitutionibus
1591 510 1618 536 et
1652 504 1775 537 ordina-

1037 554 1194 595 tionibus,
1227 556 1402 600 ceterisque
1442 557 1608 590 contrariis
1640 558 1772 601 quibus-

1036 618 1181 652 cumque.

1081 662 1192 695 Datum
1215 664 1348 705 Romae,
1374 664 1457 708 apud
1483 664 1511 697 S.
1537 665 1662 697 Mariam
1688 666 1777 699 Maio-

1038 725 1118 756 rem,
1133 715 1191 748 sub
1209 717 1325 750 annulo
1346 716 1530 758 piscatoris,
1545 717 1594 750 die
1614 728 1685 751 xxtv
1704 719 1776 751 maii

1036 779 1164 810 noemi,
1178 769 1378 813 pontificatus
1393 770 1492 803 nostri
1506 781 1631 804 annon.

1072 831 1133 858 Dat.
1152 831 1194 858 die
1209 831 1242 858 24
1259 831 1322 859 maii
1347 832 1422 865 i656,
1441 832 1534 868 pontif.
1552 841 1621 860 auno
1637 839 1665 860 tt.

1370 977 1439 1009 CVI.

1036 1055 1185 1088 Absolvit
1217 1057 1402 1102 capitulum
1432 1059 1702 1102 metropolitanae
1731 1070 1777 1092 ec-

1082 1108 1198 1142 etesiae
1224 1110 1548 1154 Caesarauqustanae
1573 1112 1607 1145 ob
1633 1123 1779 1145 recursus

1081 1162 1124 1194 ad
1150 1163 1271 1196 iudices
1298 1164 1396 1196 laicos
1420 1165 1455 1196 in
1481 1165 1587 1197 causis
1620 1165 1779 1198 rotatibus

1083 1228 1190 1249 coram
1208 1218 1243 1251 R.
1261 1219 1297 1251 P.
1318 1218 1354 1250 D.
1376 1218 1471 1252 Cerro
1485 1219 1731 1263 pendentibus',

1073 1345 1175 1369 nostro
1195 1346 1226 1370 et.
1246 1350 1404 1370 causarum
1425 1344 1503 1371 sacri
1528 1345 1634 1379 palatii
1662 1348 1779 1379 aposto-

1074 1386 1123 1414 lici
1145 1387 1287 1419 auditori,

1232 1442 1400 1469 Alexander
1421 1444 1498 1476 Papa
1521 1443 1580 1469 vtl.

1314 1505 1428 1532 Dilecta
1450 1505 1504 1537 fili,

1084 1624 1098 1667 g
1128 1625 1150 1656 l.
1178 1626 1283 1668 Nuper
1302 1636 1360 1669 pro
1378 1630 1465 1668 parte
1491 1626 1677 1659 dilectorum
1704 1627 1780 1661 silio<

1040 1688 1108 1709 rum
1135 1678 1263 1723 capituli
1296 1684 1324 1710 et
1355 1679 1579 1712 canonicorum
1615 1685 1777 1724 metropo-

1039 1731 1152 1763 litanae
1177 1732 1326 1765 eeclesiae
1352 1732 1658 1775 Caesaraugustanae
1690 1734 1780 1767 nobis

1020 1787 1022 1824 j
1039 1786 1215 1827 expositum
1235 1785 1300 1827 suit7
1319 1786 1413 1828 quod,
1439 1786 1648 1829 pendentibus
1670 1787 1781 1820 indeci-

1020 1838 1080 1886 3sis
1105 1838 1211 1870 litibus
1236 1844 1266 1871 et
1291 1839 1391 1871 causis
1422 1839 1451 1871 in
1484 1850 1573 1872 sacro
1600 1841 1694 1873 Rotae
1721 1842 1781 1874 Ro-

1039 1901 1149 1923 manae
1173 1892 1330 1925 auditorio
1349 1903 1455 1925 coram
1472 1898 1500 1925 te
1515 1903 1610 1936 super
1635 1894 1781 1927 distribu-

1039 1945 1177 1978 tionibus
1201 1945 1391 1988 quotidianis
1409 1946 1488 1978 inter
1508 1947 1590 1989 ipsos
1608 1947 1779 1990 capitulum

1020 2004 1068 2045 [et
1099 1999 1267 2032 canonicos
1301 2010 1334 2031 ex
1372 2002 1431 2032 una
1470 2010 1504 2032 ac
1536 2000 1667 2033 dilectos
1699 2001 1780 2034 filios

1020 2048 1022 2058 '
1038 2051 1250 2096 portionarios
1264 2053 1404 2085 eiusdem
1419 2053 1569 2085 ecclesiae
1584 2054 1726 2097 partibus
1744 2065 1780 2087 ex

264 2103 404 2136 censuris
429 2108 458 2135 et
483 2103 603 2147 poenis,
621 2115 697 2148 quas
713 2105 794 2138 inter
818 2096 1022 2149 praeteritos}

1039 2106 1148 2146 altera,
1167 2117 1288 2139 necnon
1315 2118 1408 2150 super
1431 2107 1589 2139 nonnullis
1607 2109 1780 2151 praetensis

1038 2160 1294 2203 praeeminentiis
1308 2165 1337 2192 et
1351 2160 1479 2203 antiqua
1493 2163 1657 2204 praetensa
1679 2161 1781 2194 cathe-

1039 2213 1182 2245 dralitate
1204 2213 1285 2246 inter
1305 2213 1431 2246 eosdem
1451 2219 1648 2257 exponentes
1662 2215 1780 2258 pariter

1039 2277 1073 2298 ex
1100 2268 1161 2298 una
1187 2277 1223 2299 ae
1244 2266 1375 2299 dilectos
1397 2267 1488 2299 etiam
1509 2267 1589 2300 tilios
1608 2268 1778 2311 capitulum

1039 2325 1067 2351 et
1093 2320 1260 2353 canonicos
1286 2321 1447 2363 regulares
1478 2321 1660 2364 collegiatae
1685 2323 1780 2356 eccle-

1039 2373 1101 2405 siae
1128 2373 1158 2404 Β.
1177 2373 1291 2405 Mariae
1316 2374 1363 2406 del
1391 2374 1473 2406 Pilar
1498 2381 1695 2417 nuncupatae
1713 2385 1779 2419 par-

1039 2426 1123 2458 tibus
1156 2436 1190 2458 ex
1216 2426 1324 2466 attera,
1350 2427 1566 2470 praetenditur
1598 2438 1614 2459 a
1646 2428 1779 2461 nonnul-

1039 2478 1076 2510 lis
1108 2489 1163 2521 per
1197 2479 1323 2511 eosdem
1357 2485 1548 2523 exponentes
1585 2490 1646 2513 non
1683 2482 1778 2514 semel

1079 2597 1085 2621 t
1106 2594 1142 2621 Ex
1158 2594 1263 2629 llegest,
1282 2594 1307 2623 in
1322 2595 1424 2623 Secret.
1443 2595 1518 2623 Brev.

1793 192 1831 217 An
1863 193 1889 218 (ζ.
1912 194 1975 219 ῖϋὸὂ

1851 388 1854 391 Δ
1867 361 1976 382 Contraria

1793 390 1872 408 reiicit.

1823 1637 1965 1663 Suppticano.
