2243 3205
235 190 286 216 An.
304 189 332 216 c.
350 187 417 215 1659
462 177 527 211 466

434 241 464 269 et
481 234 693 268 definitor-ium
710 234 892 278 provinciae
905 235 934 268 S.
949 235 1087 269 Thomae
1106 247 1177 279 apo-

435 289 505 321 stoli
539 288 569 320 in
601 287 686 320 India
718 287 862 321 orientali
890 287 1014 321 Ordinis
1045 288 1176 321 fratrum

434 342 588 375 Minorum
614 340 711 374 sancti
730 341 886 374 Francisci
912 341 950 374 de
975 341 1177 375 Observantia

434 399 696 438 nuncupatorum,
714 394 798 438 quod
823 394 855 427 in
879 395 1015 439 capitulo
1036 395 1176 438 generali

434 448 508 481 dicti
532 447 656 481 Ordinis
680 448 779 480 Toleti
805 447 964 482 celebrato
989 448 1040 481 die
1063 458 1105 481 xv
1132 448 1178 480 iu-

434 502 478 534 nii
502 511 643 535 mnenvul
667 501 724 533 sub
749 501 863 534 dilecto
895 502 1014 545 pariter
1038 501 1103 534 silio
1125 501 1177 533 Mi-

435 555 656 598 chae'leangelo
684 555 722 588 de
747 555 922 596 sambuca,
953 555 1094 588 eiusdem
1120 553 1176 587 Or-

436 609 517 641 dinis
542 609 686 642 ministro
706 609 856 651 generali,
877 619 935 652 pro
955 607 1115 652 praedicta
1134 607 1180 640 In-

437 662 487 696 dia
511 661 655 694 orientali
681 662 763 694 edita
787 662 913 694 suerunt
930 665 1044 695 statuta
1060 660 1180 694 tenoris

437 715 606 758 sequentiS,
632 714 792 747 videlicet:

488 781 500 800 ‹<
516 768 618 801 Finito
639 768 775 801 triennio
797 767 1006 801 commissarii
1024 767 1180 809 generalis

266 786 349 805 Statum
370 785 423 805 alias

240 814 345 833 “¹¹¹³'¹³¹³'
440 822 523 855 illius
547 822 704 863 familiae,
730 821 810 854 duae
835 822 904 854 illae
929 820 1110 864 provinciae
1131 830 1180 853 re-

441 880 555 919 gantur
580 886 596 907 a
621 875 684 907 suis
709 874 860 907 ministris
884 878 914 907 et
937 873 1123 907 definitoriis
1140 873 1183 906 in-

441 929 655 973 dependenter
687 939 704 961 a
739 928 849 972 quovis
881 927 1099 962 commissario
1130 932 1183 960 aut

441 982 738 1023 vicecommissario,
752 982 844 1014 etiam
863 982 902 1014 ab
917 981 994 1025 ipsis
1011 982 1181 1015 nominato.

268 1052 388 1099 manimius
405 1052 425 1080 in
485 1036 518 1068 ln
542 1036 665 1068 defectu
689 1035 900 1068 commissarii
924 1035 1080 1078 generalis
1095 1062 1102 1076 ,
1136 1035 1181 1068 in-

240 1082 334 1104 captiuo
375 1084 425 1099 FUSl·

241 1106 290 1126 deut
310 1106 365 1131 apuu
389 1111 425 1125 1111.
441 1095 540 1122 stante
556 1093 696 1133 tempore
711 1088 894 1121 visitationis
911 1094 942 1121 et
958 1089 1096 1132 capituli,
1110 1089 1184 1121 defi-

240 1133 327 1153 nisti-um
359 1137 425 1158 nuper

241 1159 339 1180 electum,

440 1143 590 1176 nitorium
606 1143 700 1185 eligat
719 1142 970 1175 commissarium
990 1142 1182 1176 visitatorem

441 1208 478 1230 ex
503 1197 611 1230 eadem
636 1196 879 1240 provinciz⁴1,.qui
905 1207 976 1229 cum
1002 1196 1111 1229 eadem
1130 1207 1183 1241 po-

441 1251 559 1285 testatis
583 1250 788 1294 plenitudine,
806 1259 886 1293 quae
903 1249 942 1282 de
959 1249 1027 1282 iure
1048 1250 1096 1282 vel
1113 1260 1184 1283 con-

442 1304 606 1337 suetudine
623 1303 848 1336 commissoriis
863 1303 1077 1336 visitatoribus
1095 1303 1183 1335 debe-

443 1363 504 1397 tur,
530 1357 666 1389 visitabit
690 1356 908 1400 provinciam,
932 1361 962 1388 et
992 1355 1184 1399 praesidebit

443 1410 598 1453 capitulo;
624 1420 686 1452 quo
711 1409 799 1442 sinito
827 1409 946 1441 nullam
971 1408 1100 1441 omnino
1129 1419 1184 1441 au-

444 1464 619 1497 ctoritatem
646 1463 784 1502 habebit,
804 1463 857 1495 sed
878 1468 941 1495 tota
965 1463 1116 1495 residebit
1136 1473 1185 1506 pe-

442 1527 498 1550 nes
518 1516 696 1548 ministrum
721 1516 901 1559 provinciae
922 1525 1032 1548 recens
1050 1516 1183 1548 electum

444 1581 542 1614 usque
567 1570 604 1602 ad
629 1570 796 1602 adventum
818 1569 890 1602 novi
908 1569 1116 1602 commissarii
1137 1579 1186 1612 ge-

444 1623 567 1656 neralis.

488 1675 729 1710 Commissarius
753 1675 910 1719 generalis
927 1676 965 1709 de
989 1686 1071 1710 novo
1098 1677 1187 1710 adve—

246 1723 429 1764 ''1‘1''.'J''“'Ui'i'.⁰·-
445 1730 532 1763 niens
556 1730 674 1763 nullam
700 1730 919 1763 auctoritatem
944 1730 1088 1771 habebit,
1117 1732 1187 1763 nul-

259 1778 308 1817 m:
357 1806 359 1816 i
381 1776 429 1816 'Ji-'fi
446 1784 506 1816 lam
525 1784 571 1816 sui
589 1784 682 1816 officii
703 1784 935 1827 possessionem
954 1784 1097 1828 accipere
1114 1795 1187 1828 per-

246 1859 254 1871 5
290 1831 308 1843 '¹'
339 1831 431 1870 fi'i'si'iss
447 1838 606 1879 mittatur,
627 1837 686 1869 nisi
718 1838 806 1881 prius
841 1837 934 1869 alicui
968 1848 1003 1870 ex
1036 1838 1187 1871 ministris

424 1893 428 1898 ⁴
446 1891 579 1924 duarum
605 1891 729 1923 illarum
747 1891 994 1934 provinciarum,
1011 1892 1059 1924 vel
1079 1892 1187 1925 saltem

447 1944 621 1987 guardiano
646 1944 728 1976 illius
754 1949 946 1985 conventus,
971 1944 1025 1976 ubi
1049 1945 1186 1988 primum

447 1998 616 2042 appulerit,
634 2001 775 2041 patentes
793 1997 911 2030 litteras
932 2008 1005 2031 suae
1023 1998 1188 2032 institutio-

446 2053 495 2086 nis
520 2052 717 2091 exl‘iibueritg
743 2062 800 2084 nec
825 2051 897 2084 satis
922 2051 981 2084 erit
1005 2052 1186 2085 earumdem

447 2106 622 2140 litterarum
649 2104 771 2148 copiam
804 2105 1005 2148 quantumvis
1030 2106 1187 2139 authenti-

448 2171 527 2200 cam,
545 2160 597 2192 sed
623 2170 750 2192 necesse
771 2163 816 2193 est
836 2159 1026 2202 ipsissimum
1045 2165 1189 2203 autogra-

447 2214 545 2258 phum
572 2213 675 2256 sigillo
695 2212 819 2246 Ordinis
846 2213 1012 2254 munitum,
1037 2219 1066 2245 et
1095 2225 1187 2247 manu

447 2268 578 2312 propria
602 2266 855 2299 reverendissimi
874 2267 1030 2309 generalis
1055 2268 1188 2301 subscri-

448 2327 547 2365 ptum,
568 2320 728 2361 exhibere,
758 2326 787 2352 et
812 2320 946 2353 ministri
971 2326 1001 2354 et
1024 2322 1189 2364 guardiani

448 2375 538 2407 aliter
555 2374 705 2406 facientes
730 2374 899 2418 punientur
926 2385 1034 2408 severe
1058 2375 1189 2410 arbitrio

448 2428 710 2461 reverendissimi.

494 2481 615 2514 Nemini
637 2481 729 2513 liceat
750 2480 779 2512 in
797 2480 897 2513 aliena
912 2481 1073 2524 provincia
1089 2481 1189 2515 incor-

1019 187 1197 212 BULLARIUM
1220 187 1375 211 ROMANUM

1965 190 2014 218 An.
2031 190 2060 218 C.
2078 190 2145 222 1659

1210 235 1384 278 praecipiat
1403 236 1638 269 commissarius
1651 238 1806 279 generalis
1820 238 1945 272 illarum

1210 289 1358 332 partium.

1255 341 1450 385 Praecipitur
1482 342 1665 386 provinciali
1698 342 1842 376 ministro
1868 354 1946 387 pro·
1991 358 2146 381 Moneaiurmi-

1211 393 1331 426 vinciae
1355 394 1565 437 Portugalliae
1590 401 1623 428 ut
1643 400 1732 428 curet
1755 405 1885 428 monere
1904 407 1950 430 re·
1964 386 2030 439 sssser
2045 387 2146 439 {2¹2³ssss

1212 447 1473 480 verendissimum
1491 449 1670 490 generalem
1687 448 1725 481 de
1742 451 1883 492 tempore
1899 459 1952 492 op·
1965 439 2147 487 tttt¹⁴33ss5mafissl

1212 505 1360 543 portuno,
1383 511 1446 544 quo
1470 501 1638 544 providere
1661 501 1773 534 debeat
1796 501 1834 534 de
1859 511 1948 534 com·
1965 492 2148 517 ¹⁵⁰¹¹³ff⁰¹¹m¹⁰¹²

1213 552 1359 586 missario
1395 554 1533 596 generali
1570 554 1674 587 lndiae
1705 553 1887 596 orientalis,
1919 559 1953 587 ut

1213 607 1336 650 expleto
1360 607 1458 651 ipsius
1483 608 1640 648 triennio,
1664 607 1713 640 vel
1737 613 1838 641 morte
1861 617 1952 651 prae·

1214 660 1367 701 veniente,
1385 671 1479 704 quam
1500 661 1591 694 citius
1608 661 1790 695 nominetur
1810 660 1954 694 commis-

1214 723 1316 746 sarius
1343 725 1371 746 i).

1259 767 1273 810 ξ
1297 766 1327 799 2.
1352 767 1427 801 Cum
1446 771 1563 809 autem,
1579 768 1659 801 sicut
1674 767 1783 801 eadem
1800 768 1954 812 expositio
1996 784 2080 805 siatuta
2095 790 2149 805 ema.

1214 820 1433 863 subiungebat,
1450 821 1580 864 praefati
1605 826 1805 866 exponentes,
1822 825 1856 856 ut
1871 822 1954 856 bono
1968 811 2149 864 Eiffiitloss‘t'tss‘sffi

1214 873 1448 917 provinciarum
1466 874 1539 907 dicti
1557 874 1682 908 Ordinis
1698 875 1730 907 in
1748 874 1835 908 India
1854 875 1956 909 orien-
1969 866 2012 912 3¹5²,
2033 866 2054 885 ‘t
2076 869 2150 891 ²¹³⁰‘⁰'

1217 927 1268 959 tali
1282 927 1461 960 huiusmodi
1474 927 1709 961 consistentium
1725 928 1873 971 regimini
1885 938 1956 962 con-

1216 980 1356 1021 sulatur,
1392 985 1505 1014 statuta
1538 981 1733 1025 praeinserta
1764 982 1956 1026 apostolicae

1216 1033 1465 1067 confirmationis
1482 1039 1607 1068 nostrae
1623 1035 1738 1068 robore
1756 1035 1955 1076 communiri,

1219 1092 1249 1120 et
1273 1093 1453 1132 opportune
1477 1099 1494 1121 a
1518 1089 1610 1122 nobis
1639 1094 1673 1122 ut
1691 1089 1771 1122 infra
1795 1089 1956 1133 provideri

1216 1152 1420 1186 summopere
1444 1142 1640 1176 desiderent:
1676 1154 1751 1185 nos,
1787 1143 1956 1188 specialem

1217 1195 1294 1241 ipsis
1319 1196 1549 1240 exponentibus
1573 1197 1707 1239 gratiam
1732 1197 1835 1230 facere
1856 1197 1958 1230 volen-

1217 1255 1273 1292 tes,
1291 1255 1321 1283 et
1343 1260 1453 1283 eorum
1478 1250 1653 1293 singulares
1678 1261 1828 1294 personas
1852 1261 1869 1283 a
1893 1250 1958 1294 qui-

1216 1303 1323 1336 busvis
1344 1304 1687 1345 excommunicationis,
1705 1310 1777 1347 etc.‚
1795 1304 1958 1337 absolven-

1218 1361 1263 1389 tes
1287 1362 1318 1389 et
1342 1356 1499 1390 absolutas
1534 1357 1600 1389 sore
1637 1362 1807 1399 censentes,
1832 1357 1955 1401 suppli-

1218 1409 1393 1442 cationibus
1411 1420 1520 1442 eorum
1535 1409 1663 1442 nomine
1679 1410 1769 1443 nobis
1787 1420 1882 1454 snper
1898 1410 1959 1443 hoc

1218 1463 1380 1497 humiliter
1403 1463 1557 1507 porrectis
1581 1464 1741 1505 inclinati,
1766 1464 1805 1497 de
1831 1474 1958 1498 venera·

1218 1516 1328 1549 bilium
1353 1517 1486 1549 fratrum
1504 1521 1685 1550 nostrorum
1707 1517 1736 1550 S.
1753 1518 1787 1551 R.
1809 1518 1841 1550 E.
1863 1517 1961 1551 cardi-

1218 1569 1336 1602 nalium
1361 1570 1497 1613 negotiis
1527 1575 1557 1603 et
1587 1570 1868 1604 consultationibus
1896 1571 1960 1615 epi-

1219 1633 1387 1667 scoporum
1420 1628 1450 1656 et
1482 1624 1674 1666 regularium
1705 1624 1960 1668 praepositorum

1220 1676 1361 1718 consilio,
1387 1677 1582 1720 praeinserta
1599 1683 1721 1720 statuta,
1743 1678 1774 1710 in
1798 1677 1960 1722 praedicto

1220 1730 1356 1774 capitulo
1380 1731 1518 1773 generali
1535 1731 1631 1764 Toleti
1649 1731 1808 1764 celebrato
1824 1741 1883 1775 pro
1900 1741 1961 1765 me-

1220 1786 1340 1817 morata
1358 1784 1445 1816 India
1469 1784 1622 1825 orientali,
1641 1786 1721 1818 sicut
1738 1785 1960 1829 praemittitur,

1221 1837 1313 1878 edita,
1331 1838 1516 1872 auctoritate
1541 1839 1724 1882 apostolica,
1742 1844 1850 1872 tenore
1870 1849 1962 1883 prae-

1220 1891 1366 1931 sentium,
1388 1892 1612 1924 confirmamus
1637 1897 1666 1925 et
1690 1892 1912 1936 approbamus,
1929 1892 1962 1925 il-

1221 1944 1322 1988 lisque
1355 1944 1545 1978 inviolabilis
1581 1946 1770 1990 apostolicae
1804 1945 1962 1980 firmitatis

1221 1998 1320 2031 robur
1343 1997 1526 2040 adiicimus,
1551 2008 1587 2031 ac
1621 2009 1730 2031 ornnes
1763 2003 1793 2031 et
1819 1999 1962 2042 singulos

1222 2051 1299 2084 iuris
1319 2057 1350 2084 et
1366 2051 1437 2085 sacti
1455 2052 1605 2093 desectus,
1623 2052 1647 2084 si
1665 2052 1717 2096 qui
1735 2052 1870 2096 desuper
1887 2063 1962 2097 quo-

1222 2105 1395 2139 modolibet
1414 2106 1650 2147 intervenerint,
1673 2106 1873 2150 supplemus,
1901 2113 1961 2140 sta-

1222 2164 1343 2192 tuentes
1360 2164 1390 2191 et
1407 2158 1597 2200 ordinantes,
1615 2159 1700 2202 quod
1724 2159 1754 2191 in
1779 2159 1869 2193 dictis
1892 2171 1963 2205 pro-

1222 2213 1331 2246 vinciis
1356 2213 1462 2246 Indiae
1486 2213 1525 2246 de
1549 2218 1654 2247 cetero
1686 2223 1749 2247 non
1773 2214 1827 2247 fiat
1851 2214 1961 2249 electio

1222 2267 1500 2301 vieecommissarii
1535 2267 1712 2310 generalis,
1741 2273 1837 2312 prout
1867 2269 1963 2302 fiebat

1222 2321 1337 2353 virtute
1369 2326 1556 2354 statutorum
1589 2320 1743 2354 factorum
1768 2321 1799 2354 in
1824 2322 1962 2366 capitulo

1223 2375 1380 2408 celebrato
1407 2375 1525 2408 Romae
1548 2384 1629 2407 anno
1653 2371 1833 2416 uncxxxixj
1861 2386 1963 2420 neque

1223 2428 1392 2471 iungantur
1416 2427 1479 2460 duo
1509 2427 1561 2460 illa
1590 2427 1769 2461 definitoria
1798 2428 1962 2463 deficiente

1222 2481 1441 2514 commissario
1456 2480 1649 2522 transmisso,
1666 2481 1720 2514 sed
1739 2481 1792 2514 tali
1809 2492 1882 2515 casu
1891 2492 1962 2526 pro-

450 2534 556 2578 porari
574 2561 581 2574 ‚
613 2534 671 2566 nisi
696 2534 822 2577 praevio
848 2544 1000 2567 consensu
1026 2535 1189 2579 utriusque
1222 2535 1341 2568 vinciae
1365 2535 1581 2578 gubernentur
1602 2545 1639 2568 eo
1664 2535 1769 2576 modo,
1789 2545 1851 2579 quo
1875 2535 1960 2569 ordi-

451 2587 595 2630 ministri,
613 2588 813 2631 quantumvis
839 2588 1012 2621 consentiat
1036 2593 1089 2621 aut
1110 2589 1189 2622 sorte
1221 2594 1296 2621 nant
1319 2589 1513 2633 praeinserta
1537 2592 1649 2624 statuta
1672 2589 1828 2630 Toletana‚
1860 2588 1959 2633 quod-

2236 1787 2243 1984 „—“*—-—
