<?xml version="1.0" encoding="UTF-8"?>
<!DOCTYPE html PUBLIC "-//W3C//DTD XHTML 1.0 Transitional//EN"
    "http://www.w3.org/TR/xhtml1/DTD/xhtml1-transitional.dtd">
<html xmlns="http://www.w3.org/1999/xhtml" xml:lang="en" lang="en">
 <head>
  <title>
</title>
<meta http-equiv="Content-Type" content="text/html;charset=utf-8" />
  <meta name='ocr-system' content='tesseract 3.04.00' />
  <meta name='ocr-capabilities' content='ocr_page ocr_carea ocr_par ocr_line ocrx_word'/>
</head>
<body>
  <div class='ocr_page' id='page_1' title='image "./bullarumdiplomat16cath_0710.png"; bbox 0 0 2243 3205; ppageno 0'>
   <div class='ocr_carea' id='block_1_1' title="bbox 273 197 456 225">
    <p class='ocr_par' dir='ltr' id='par_1_1' title="bbox 273 197 456 225">
     <span class='ocr_line' id='line_1_1' title="bbox 273 197 456 225; baseline 0.005 -2"><span class='ocrx_word' id='word_1_1' title='bbox 273 198 324 224; x_wconf 75' lang='lat' dir='ltr'>Au.</span> <span class='ocrx_word' id='word_1_2' title='bbox 346 198 375 225; x_wconf 80' lang='lat' dir='ltr'>C.</span> <span class='ocrx_word' id='word_1_3' title='bbox 393 197 456 224; x_wconf 60' lang='grc' dir='ltr'>’16ίῖ1</span> 
     </span>
    </p>
   </div>
   <div class='ocr_carea' id='block_1_2' title="bbox 271 260 454 333">
    <p class='ocr_par' dir='ltr' id='par_1_2' title="bbox 271 260 454 333">
     <span class='ocr_line' id='line_1_2' title="bbox 288 260 454 288; baseline 0 -9"><span class='ocrx_word' id='word_1_4' title='bbox 288 286 290 288; x_wconf 25' lang='lat' dir='ltr'>v</span> <span class='ocrx_word' id='word_1_5' title='bbox 307 260 397 285; x_wconf 67' lang='lat' dir='ltr'>Tempus</span> <span class='ocrx_word' id='word_1_6' title='bbox 413 264 454 285; x_wconf 81' lang='lat' dir='ltr'>quo</span> 
     </span>
     <span class='ocr_line' id='line_1_3' title="bbox 272 287 454 310; baseline 0.005 -6"><span class='ocrx_word' id='word_1_7' title='bbox 272 287 327 305; x_wconf 58' lang='lat' dir='ltr'>itwtx</span> <span class='ocrx_word' id='word_1_8' title='bbox 351 290 454 310; x_wconf 62' lang='lat' dir='ltr'>iiiqvusttlo</span> 
     </span>
     <span class='ocr_line' id='line_1_4' title="bbox 271 313 426 333; baseline 0.013 -2"><span class='ocrx_word' id='word_1_9' title='bbox 271 321 285 331; x_wconf 68' lang='lat'>&gt;⁴</span> <span class='ocrx_word' id='word_1_10' title='bbox 296 313 372 332; x_wconf 58' lang='lat' dir='ltr'>lunula</span> <span class='ocrx_word' id='word_1_11' title='bbox 388 314 426 333; x_wconf 67' lang='lat' dir='ltr'>cst.</span> 
     </span>
    </p>
   </div>
   <div class='ocr_carea' id='block_1_3' title="bbox 269 1211 451 1263">
    <p class='ocr_par' dir='ltr' id='par_1_3' title="bbox 269 1211 451 1263">
     <span class='ocr_line' id='line_1_5' title="bbox 279 1211 451 1240; baseline 0 -9"><span class='ocrx_word' id='word_1_12' title='bbox 279 1211 451 1240; x_wconf 33' lang='lat' dir='ltr'>‚contravenien-</span> 
     </span>
     <span class='ocr_line' id='line_1_6' title="bbox 269 1240 423 1263; baseline 0.006 -6"><span class='ocrx_word' id='word_1_13' title='bbox 269 1240 319 1258; x_wconf 79' lang='lat' dir='ltr'>uum</span> <span class='ocrx_word' id='word_1_14' title='bbox 335 1243 423 1263; x_wconf 77' lang='lat' dir='ltr'>poenae.</span> 
     </span>
    </p>
   </div>
   <div class='ocr_carea' id='block_1_4' title="bbox 295 2058 412 2081">
    <p class='ocr_par' dir='ltr' id='par_1_4' title="bbox 295 2058 412 2081">
     <span class='ocr_line' id='line_1_7' title="bbox 295 2058 412 2081; baseline 0.009 -2"><span class='ocrx_word' id='word_1_15' title='bbox 295 2058 412 2081; x_wconf 75' lang='lat' dir='ltr'>clausulae.</span> 
     </span>
    </p>
   </div>
   <div class='ocr_carea' id='block_1_5' title="bbox 464 187 1208 2518">
    <p class='ocr_par' dir='ltr' id='par_1_5' title="bbox 508 187 570 221">
     <span class='ocr_line' id='line_1_8' title="bbox 508 187 570 221; baseline -0.032 0"><span class='ocrx_word' id='word_1_16' title='bbox 508 187 570 221; x_wconf 66' lang='lat' dir='ltr'>ow</span> 
     </span>
    </p>

    <p class='ocr_par' dir='ltr' id='par_1_6' title="bbox 466 244 1208 1189">
     <span class='ocr_line' id='line_1_9' title="bbox 514 244 1207 288; baseline 0.003 -13"><span class='ocrx_word' id='word_1_17' title='bbox 514 246 528 288; x_wconf 65' lang='lat' dir='ltr'>g</span> <span class='ocrx_word' id='word_1_18' title='bbox 554 247 581 277; x_wconf 74' lang='lat' dir='ltr'>ti.</span> <span class='ocrx_word' id='word_1_19' title='bbox 607 244 706 284; x_wconf 81' lang='lat' dir='ltr'>Quas¹</span> <span class='ocrx_word' id='word_1_20' title='bbox 732 254 841 278; x_wconf 85' lang='lat' dir='ltr'>omnes</span> <span class='ocrx_word' id='word_1_21' title='bbox 866 244 1002 277; x_wconf 87' lang='lat' dir='ltr'>decimas</span> <span class='ocrx_word' id='word_1_22' title='bbox 1034 245 1207 288; x_wconf 84' lang='lat' dir='ltr'>piaedictas</span> 
     </span>
     <span class='ocr_line' id='line_1_10' title="bbox 470 297 1206 341; baseline 0.001 -12"><span class='ocrx_word' id='word_1_23' title='bbox 470 298 590 331; x_wconf 80' lang='lat' dir='ltr'>solvere</span> <span class='ocrx_word' id='word_1_24' title='bbox 616 297 787 339; x_wconf 75' lang='lat' dir='ltr'>obligatos,</span> <span class='ocrx_word' id='word_1_25' title='bbox 812 303 844 330; x_wconf 88' lang='lat' dir='ltr'>ut</span> <span class='ocrx_word' id='word_1_26' title='bbox 871 298 1062 341; x_wconf 78' lang='lat' dir='ltr'>praefertur,</span> <span class='ocrx_word' id='word_1_27' title='bbox 1084 298 1206 332; x_wconf 85' lang='lat' dir='ltr'>casdem</span> 
     </span>
     <span class='ocr_line' id='line_1_11' title="bbox 471 351 1208 394; baseline 0.001 -12"><span class='ocrx_word' id='word_1_28' title='bbox 471 351 548 383; x_wconf 75' lang='lat' dir='ltr'>intra</span> <span class='ocrx_word' id='word_1_29' title='bbox 574 351 758 383; x_wconf 72' lang='lat' dir='ltr'>decennium</span> <span class='ocrx_word' id='word_1_30' title='bbox 776 351 954 394; x_wconf 83' lang='lat' dir='ltr'>proximum</span> <span class='ocrx_word' id='word_1_31' title='bbox 974 351 1080 384; x_wconf 82' lang='lat' dir='ltr'>decem</span> <span class='ocrx_word' id='word_1_32' title='bbox 1099 361 1208 394; x_wconf 88' lang='lat' dir='ltr'>aequa—</span> 
     </span>
     <span class='ocr_line' id='line_1_12' title="bbox 469 403 1208 448; baseline 0 -13"><span class='ocrx_word' id='word_1_33' title='bbox 469 403 549 437; x_wconf 88' lang='lat' dir='ltr'>libus</span> <span class='ocrx_word' id='word_1_34' title='bbox 567 404 785 444; x_wconf 75' lang='lat' dir='ltr'>solutionibus,</span> <span class='ocrx_word' id='word_1_35' title='bbox 803 415 860 447; x_wconf 87' lang='lat' dir='ltr'>pro</span> <span class='ocrx_word' id='word_1_36' title='bbox 879 404 980 448; x_wconf 73' lang='lat' dir='ltr'>prima</span> <span class='ocrx_word' id='word_1_37' title='bbox 1006 404 1148 437; x_wconf 85' lang='lat' dir='ltr'>videlicet</span> <span class='ocrx_word' id='word_1_38' title='bbox 1166 404 1208 436; x_wconf 88' lang='lat' dir='ltr'>in-</span> 
     </span>
     <span class='ocr_line' id='line_1_13' title="bbox 469 456 1206 500; baseline 0 -12"><span class='ocrx_word' id='word_1_39' title='bbox 469 462 515 489; x_wconf 89' lang='lat' dir='ltr'>tra</span> <span class='ocrx_word' id='word_1_40' title='bbox 540 457 718 500; x_wconf 79' lang='lat' dir='ltr'>proximum</span> <span class='ocrx_word' id='word_1_41' title='bbox 752 456 833 489; x_wconf 87' lang='lat' dir='ltr'>diem</span> <span class='ocrx_word' id='word_1_42' title='bbox 860 457 972 490; x_wconf 82' lang='lat' dir='ltr'>festum</span> <span class='ocrx_word' id='word_1_43' title='bbox 998 457 1206 490; x_wconf 89' lang='lat' dir='ltr'>Dedicationis</span> 
     </span>
     <span class='ocr_line' id='line_1_14' title="bbox 468 510 1207 553; baseline 0.001 -12"><span class='ocrx_word' id='word_1_44' title='bbox 468 510 496 541; x_wconf 79' lang='lat' dir='ltr'>S.</span> <span class='ocrx_word' id='word_1_45' title='bbox 522 510 680 542; x_wconf 64' lang='lat' dir='ltr'>Michaelis</span> <span class='ocrx_word' id='word_1_46' title='bbox 705 510 909 553; x_wconf 81' lang='lat' dir='ltr'>Areliangelis</span> <span class='ocrx_word' id='word_1_47' title='bbox 934 510 1049 543; x_wconf 89' lang='lat' dir='ltr'>mensis</span> <span class='ocrx_word' id='word_1_48' title='bbox 1074 514 1207 553; x_wconf 66' lang='lat' dir='ltr'>septem&gt;</span> 
     </span>
     <span class='ocr_line' id='line_1_15' title="bbox 468 562 1205 606; baseline 0.001 -13"><span class='ocrx_word' id='word_1_49' title='bbox 468 562 532 595; x_wconf 87' lang='lat' dir='ltr'>bris</span> <span class='ocrx_word' id='word_1_50' title='bbox 557 563 699 606; x_wconf 83' lang='lat' dir='ltr'>proxime</span> <span class='ocrx_word' id='word_1_51' title='bbox 720 563 828 604; x_wconf 83' lang='lat' dir='ltr'>futuri,</span> <span class='ocrx_word' id='word_1_52' title='bbox 846 569 875 596; x_wconf 89' lang='lat' dir='ltr'>et</span> <span class='ocrx_word' id='word_1_53' title='bbox 892 564 1065 596; x_wconf 78' lang='lat' dir='ltr'>successive</span> <span class='ocrx_word' id='word_1_54' title='bbox 1090 574 1147 606; x_wconf 89' lang='lat' dir='ltr'>pro</span> <span class='ocrx_word' id='word_1_55' title='bbox 1162 573 1205 595; x_wconf 86' lang='lat' dir='ltr'>re-</span> 
     </span>
     <span class='ocr_line' id='line_1_16' title="bbox 467 615 1206 659; baseline 0.001 -12"><span class='ocrx_word' id='word_1_56' title='bbox 467 615 559 658; x_wconf 85' lang='lat' dir='ltr'>liquis</span> <span class='ocrx_word' id='word_1_57' title='bbox 580 626 691 648; x_wconf 88' lang='lat' dir='ltr'>novem</span> <span class='ocrx_word' id='word_1_58' title='bbox 711 616 920 650; x_wconf 81' lang='lat' dir='ltr'>solutionibus</span> <span class='ocrx_word' id='word_1_59' title='bbox 940 617 1063 659; x_wconf 82' lang='lat' dir='ltr'>singulo</span> <span class='ocrx_word' id='word_1_60' title='bbox 1081 626 1206 659; x_wconf 87' lang='lat' dir='ltr'>quoque</span> 
     </span>
     <span class='ocr_line' id='line_1_17' title="bbox 467 660 1205 712; baseline 0.001 -12"><span class='ocrx_word' id='word_1_61' title='bbox 467 679 548 702; x_wconf 85' lang='lat' dir='ltr'>anno</span> <span class='ocrx_word' id='word_1_62' title='bbox 574 674 671 701; x_wconf 86' lang='lat' dir='ltr'>ratam</span> <span class='ocrx_word' id='word_1_63' title='bbox 704 674 824 712; x_wconf 85' lang='lat' dir='ltr'>partem</span> <span class='ocrx_word' id='word_1_64' title='bbox 855 660 935 702; x_wconf 89' lang='lat' dir='ltr'>intra</span> <span class='ocrx_word' id='word_1_65' title='bbox 961 670 1071 702; x_wconf 79' lang='lat' dir='ltr'>festum</span> <span class='ocrx_word' id='word_1_66' title='bbox 1098 668 1205 701; x_wconf 78' lang='lat' dir='ltr'>liuius-</span> 
     </span>
     <span class='ocr_line' id='line_1_18' title="bbox 467 721 1206 766; baseline 0.003 -13"><span class='ocrx_word' id='word_1_67' title='bbox 467 721 551 754; x_wconf 87' lang='lat' dir='ltr'>modi</span> <span class='ocrx_word' id='word_1_68' title='bbox 577 722 742 755; x_wconf 88' lang='lat' dir='ltr'>cuiuslibet</span> <span class='ocrx_word' id='word_1_69' title='bbox 764 722 835 755; x_wconf 87' lang='lat' dir='ltr'>anni</span> <span class='ocrx_word' id='word_1_70' title='bbox 858 723 1037 755; x_wconf 85' lang='lat' dir='ltr'>immediate</span> <span class='ocrx_word' id='word_1_71' title='bbox 1054 732 1152 766; x_wconf 90' lang='lat' dir='ltr'>usque</span> <span class='ocrx_word' id='word_1_72' title='bbox 1168 722 1206 754; x_wconf 88' lang='lat' dir='ltr'>ad</span> 
     </span>
     <span class='ocr_line' id='line_1_19' title="bbox 467 775 1206 809; baseline -0.001 -2"><span class='ocrx_word' id='word_1_73' title='bbox 467 775 592 808; x_wconf 89' lang='lat' dir='ltr'>totalem</span> <span class='ocrx_word' id='word_1_74' title='bbox 630 775 818 809; x_wconf 86' lang='lat' dir='ltr'>solutionem</span> <span class='ocrx_word' id='word_1_75' title='bbox 852 776 882 808; x_wconf 90' lang='lat' dir='ltr'>in</span> <span class='ocrx_word' id='word_1_76' title='bbox 916 777 1038 809; x_wconf 81' lang='lat' dir='ltr'>camera</span> <span class='ocrx_word' id='word_1_77' title='bbox 1069 780 1099 807; x_wconf 89' lang='lat' dir='ltr'>et</span> <span class='ocrx_word' id='word_1_78' title='bbox 1124 775 1206 807; x_wconf 86' lang='lat' dir='ltr'>illius</span> 
     </span>
     <span class='ocr_line' id='line_1_20' title="bbox 466 827 1205 872; baseline 0 -12"><span class='ocrx_word' id='word_1_79' title='bbox 466 828 656 872; x_wconf 88' lang='lat' dir='ltr'>depositario</span> <span class='ocrx_word' id='word_1_80' title='bbox 689 828 827 871; x_wconf 77' lang='lat' dir='ltr'>generali</span> <span class='ocrx_word' id='word_1_81' title='bbox 860 828 898 860; x_wconf 90' lang='lat' dir='ltr'>ad</span> <span class='ocrx_word' id='word_1_82' title='bbox 924 827 953 860; x_wconf 91' lang='lat' dir='ltr'>id</span> <span class='ocrx_word' id='word_1_83' title='bbox 987 827 1205 860; x_wconf 89' lang='lat' dir='ltr'>constituendo</span> 
     </span>
     <span class='ocr_line' id='line_1_21' title="bbox 466 881 1205 925; baseline 0 -11"><span class='ocrx_word' id='word_1_84' title='bbox 466 882 595 915; x_wconf 92' lang='lat' dir='ltr'>omnino</span> <span class='ocrx_word' id='word_1_85' title='bbox 608 882 751 915; x_wconf 90' lang='lat' dir='ltr'>volumus</span> <span class='ocrx_word' id='word_1_86' title='bbox 765 881 961 925; x_wconf 77' lang='lat' dir='ltr'>persolvisse.</span> <span class='ocrx_word' id='word_1_87' title='bbox 973 881 1119 914; x_wconf 88' lang='lat' dir='ltr'>Eiusdem</span> <span class='ocrx_word' id='word_1_88' title='bbox 1131 892 1205 914; x_wconf 87' lang='lat' dir='ltr'>vero</span> 
     </span>
     <span class='ocr_line' id='line_1_22' title="bbox 466 934 1205 978; baseline 0 -12"><span class='ocrx_word' id='word_1_89' title='bbox 466 934 646 978; x_wconf 85' lang='lat' dir='ltr'>depositarii</span> <span class='ocrx_word' id='word_1_90' title='bbox 673 945 786 967; x_wconf 89' lang='lat' dir='ltr'>munus</span> <span class='ocrx_word' id='word_1_91' title='bbox 811 934 870 967; x_wconf 89' lang='lat' dir='ltr'>crit</span> <span class='ocrx_word' id='word_1_92' title='bbox 894 934 1002 967; x_wconf 89' lang='lat' dir='ltr'>sedulo</span> <span class='ocrx_word' id='word_1_93' title='bbox 1034 945 1145 968; x_wconf 90' lang='lat' dir='ltr'>curare</span> <span class='ocrx_word' id='word_1_94' title='bbox 1173 939 1205 967; x_wconf 90' lang='lat' dir='ltr'>ut</span> 
     </span>
     <span class='ocr_line' id='line_1_23' title="bbox 466 986 1203 1030; baseline 0.001 -12"><span class='ocrx_word' id='word_1_95' title='bbox 466 986 617 1030; x_wconf 89' lang='lat' dir='ltr'>quidquid</span> <span class='ocrx_word' id='word_1_96' title='bbox 642 987 846 1030; x_wconf 80' lang='lat' dir='ltr'>pecuniarum</span> <span class='ocrx_word' id='word_1_97' title='bbox 869 997 903 1020; x_wconf 87' lang='lat' dir='ltr'>ex</span> <span class='ocrx_word' id='word_1_98' title='bbox 922 987 1051 1021; x_wconf 85' lang='lat' dir='ltr'>decimis</span> <span class='ocrx_word' id='word_1_99' title='bbox 1076 987 1203 1030; x_wconf 82' lang='lat' dir='ltr'>collige-</span> 
     </span>
     <span class='ocr_line' id='line_1_24' title="bbox 467 1039 1205 1083; baseline 0.003 -12"><span class='ocrx_word' id='word_1_100' title='bbox 467 1045 539 1080; x_wconf 92' lang='lat' dir='ltr'>tur,</span> <span class='ocrx_word' id='word_1_101' title='bbox 561 1039 591 1071; x_wconf 91' lang='lat' dir='ltr'>id</span> <span class='ocrx_word' id='word_1_102' title='bbox 617 1039 784 1083; x_wconf 79' lang='lat' dir='ltr'>diligenter</span> <span class='ocrx_word' id='word_1_103' title='bbox 808 1051 844 1073; x_wconf 87' lang='lat' dir='ltr'>ac</span> <span class='ocrx_word' id='word_1_104' title='bbox 868 1039 1003 1072; x_wconf 83' lang='lat' dir='ltr'>fideliter</span> <span class='ocrx_word' id='word_1_105' title='bbox 1027 1045 1205 1073; x_wconf 87' lang='lat' dir='ltr'>asservetur</span> 
     </span>
     <span class='ocr_line' id='line_1_25' title="bbox 466 1092 1205 1137; baseline 0.004 -13"><span class='ocrx_word' id='word_1_106' title='bbox 466 1092 503 1125; x_wconf 89' lang='lat' dir='ltr'>de</span> <span class='ocrx_word' id='word_1_107' title='bbox 530 1093 675 1125; x_wconf 87' lang='lat' dir='ltr'>mandato</span> <span class='ocrx_word' id='word_1_108' title='bbox 704 1098 812 1126; x_wconf 88' lang='lat' dir='ltr'>nostro</span> <span class='ocrx_word' id='word_1_109' title='bbox 844 1093 969 1136; x_wconf 87' lang='lat' dir='ltr'>speciali</span> <span class='ocrx_word' id='word_1_110' title='bbox 996 1093 1026 1126; x_wconf 92' lang='lat' dir='ltr'>in</span> <span class='ocrx_word' id='word_1_111' title='bbox 1050 1094 1205 1137; x_wconf 87' lang='lat' dir='ltr'>praefatos</span> 
     </span>
     <span class='ocr_line' id='line_1_26' title="bbox 467 1145 1145 1189; baseline 0.003 -12"><span class='ocrx_word' id='word_1_112' title='bbox 467 1155 540 1178; x_wconf 89' lang='lat' dir='ltr'>usus</span> <span class='ocrx_word' id='word_1_113' title='bbox 565 1145 735 1186; x_wconf 72' lang='lat' dir='ltr'>dumtaxat,</span> <span class='ocrx_word' id='word_1_114' title='bbox 759 1156 816 1178; x_wconf 88' lang='lat' dir='ltr'>nec</span> <span class='ocrx_word' id='word_1_115' title='bbox 841 1146 916 1178; x_wconf 74' lang='lat' dir='ltr'>alias</span> <span class='ocrx_word' id='word_1_116' title='bbox 941 1146 1145 1189; x_wconf 80' lang='lat' dir='ltr'>erogandum.</span> 
     </span>
    </p>

    <p class='ocr_par' dir='ltr' id='par_1_7' title="bbox 465 1198 1204 2028">
     <span class='ocr_line' id='line_1_27' title="bbox 510 1198 1204 1243; baseline 0 -12"><span class='ocrx_word' id='word_1_117' title='bbox 510 1199 525 1241; x_wconf 77' lang='lat'><strong>§</strong></span> <span class='ocrx_word' id='word_1_118' title='bbox 549 1198 577 1231; x_wconf 91' lang='lat'>7.</span> <span class='ocrx_word' id='word_1_119' title='bbox 602 1198 798 1243; x_wconf 81' lang='lat' dir='ltr'>Quicumque</span> <span class='ocrx_word' id='word_1_120' title='bbox 831 1209 904 1232; x_wconf 86' lang='lat' dir='ltr'>vero</span> <span class='ocrx_word' id='word_1_121' title='bbox 936 1198 1073 1232; x_wconf 88' lang='lat' dir='ltr'>decimas</span> <span class='ocrx_word' id='word_1_122' title='bbox 1097 1199 1204 1232; x_wconf 90' lang='lat' dir='ltr'>huius-</span> 
     </span>
     <span class='ocr_line' id='line_1_28' title="bbox 467 1251 1204 1295; baseline 0.001 -12"><span class='ocrx_word' id='word_1_123' title='bbox 467 1251 551 1284; x_wconf 89' lang='lat' dir='ltr'>modi</span> <span class='ocrx_word' id='word_1_124' title='bbox 575 1252 662 1285; x_wconf 92' lang='lat' dir='ltr'>nullo</span> <span class='ocrx_word' id='word_1_125' title='bbox 688 1252 791 1292; x_wconf 89' lang='lat' dir='ltr'>modo,</span> <span class='ocrx_word' id='word_1_126' title='bbox 809 1252 856 1285; x_wconf 88' lang='lat' dir='ltr'>vel</span> <span class='ocrx_word' id='word_1_127' title='bbox 876 1262 939 1285; x_wconf 94' lang='lat' dir='ltr'>non</span> <span class='ocrx_word' id='word_1_128' title='bbox 959 1252 1090 1295; x_wconf 81' lang='lat' dir='ltr'>integre,</span> <span class='ocrx_word' id='word_1_129' title='bbox 1108 1252 1204 1285; x_wconf 91' lang='lat' dir='ltr'>scien-</span> 
     </span>
     <span class='ocr_line' id='line_1_29' title="bbox 466 1305 1203 1345; baseline 0 -8"><span class='ocrx_word' id='word_1_130' title='bbox 466 1310 534 1345; x_wconf 88' lang='lat' dir='ltr'>ter,</span> <span class='ocrx_word' id='word_1_131' title='bbox 567 1310 619 1337; x_wconf 91' lang='lat' dir='ltr'>aut</span> <span class='ocrx_word' id='word_1_132' title='bbox 643 1315 704 1338; x_wconf 93' lang='lat' dir='ltr'>non</span> <span class='ocrx_word' id='word_1_133' title='bbox 730 1305 901 1338; x_wconf 90' lang='lat' dir='ltr'>secundum</span> <span class='ocrx_word' id='word_1_134' title='bbox 932 1315 1040 1337; x_wconf 89' lang='lat' dir='ltr'>verum</span> <span class='ocrx_word' id='word_1_135' title='bbox 1065 1315 1203 1338; x_wconf 87' lang='lat' dir='ltr'>annuum</span> 
     </span>
     <span class='ocr_line' id='line_1_30' title="bbox 466 1358 1200 1402; baseline 0.001 -12"><span class='ocrx_word' id='word_1_136' title='bbox 466 1359 603 1391; x_wconf 80' lang='lat' dir='ltr'>valorem</span> <span class='ocrx_word' id='word_1_137' title='bbox 627 1359 806 1398; x_wconf 84' lang='lat' dir='ltr'>fructuum,</span> <span class='ocrx_word' id='word_1_138' title='bbox 839 1358 1040 1400; x_wconf 90' lang='lat' dir='ltr'>reddituum,</span> <span class='ocrx_word' id='word_1_139' title='bbox 1064 1369 1200 1402; x_wconf 87' lang='lat' dir='ltr'>proven-</span> 
     </span>
     <span class='ocr_line' id='line_1_31' title="bbox 466 1409 1201 1450; baseline 0 -9"><span class='ocrx_word' id='word_1_140' title='bbox 466 1415 571 1450; x_wconf 87' lang='lat' dir='ltr'>tuum,</span> <span class='ocrx_word' id='word_1_141' title='bbox 604 1409 719 1442; x_wconf 86' lang='lat' dir='ltr'>iurium</span> <span class='ocrx_word' id='word_1_142' title='bbox 735 1436 742 1449; x_wconf 92' lang='lat'>,</span> <span class='ocrx_word' id='word_1_143' title='bbox 775 1409 998 1442; x_wconf 84' lang='lat' dir='ltr'>obventionum</span> <span class='ocrx_word' id='word_1_144' title='bbox 1024 1414 1054 1441; x_wconf 90' lang='lat' dir='ltr'>et</span> <span class='ocrx_word' id='word_1_145' title='bbox 1078 1409 1201 1442; x_wconf 90' lang='lat' dir='ltr'>emolu-</span> 
     </span>
     <span class='ocr_line' id='line_1_32' title="bbox 466 1461 1204 1503; baseline 0.001 -10"><span class='ocrx_word' id='word_1_146' title='bbox 466 1466 654 1503; x_wconf 85' lang='lat' dir='ltr'>mentorum,</span> <span class='ocrx_word' id='word_1_147' title='bbox 677 1462 723 1494; x_wconf 85' lang='lat' dir='ltr'>vel</span> <span class='ocrx_word' id='word_1_148' title='bbox 749 1461 950 1494; x_wconf 83' lang='lat' dir='ltr'>concordiam</span> <span class='ocrx_word' id='word_1_149' title='bbox 976 1472 1046 1494; x_wconf 84' lang='lat' dir='ltr'>cum</span> <span class='ocrx_word' id='word_1_150' title='bbox 1072 1461 1150 1494; x_wconf 83' lang='lat' dir='ltr'>Sede</span> <span class='ocrx_word' id='word_1_151' title='bbox 1175 1467 1204 1493; x_wconf 87' lang='lat' dir='ltr'>ct</span> 
     </span>
     <span class='ocr_line' id='line_1_33' title="bbox 466 1514 1203 1558; baseline 0 -12"><span class='ocrx_word' id='word_1_152' title='bbox 466 1515 592 1546; x_wconf 74' lang='lat' dir='ltr'>camera</span> <span class='ocrx_word' id='word_1_153' title='bbox 617 1514 795 1558; x_wconf 87' lang='lat' dir='ltr'>praedictis,</span> <span class='ocrx_word' id='word_1_154' title='bbox 824 1520 856 1546; x_wconf 89' lang='lat' dir='ltr'>ut</span> <span class='ocrx_word' id='word_1_155' title='bbox 880 1514 1073 1557; x_wconf 79' lang='lat' dir='ltr'>praefertur,</span> <span class='ocrx_word' id='word_1_156' title='bbox 1095 1514 1203 1547; x_wconf 91' lang='lat' dir='ltr'>ineun-</span> 
     </span>
     <span class='ocr_line' id='line_1_34' title="bbox 465 1568 1203 1611; baseline 0.001 -11"><span class='ocrx_word' id='word_1_157' title='bbox 465 1568 547 1610; x_wconf 92' lang='lat' dir='ltr'>dam,</span> <span class='ocrx_word' id='word_1_158' title='bbox 569 1569 633 1601; x_wconf 89' lang='lat' dir='ltr'>sive</span> <span class='ocrx_word' id='word_1_159' title='bbox 657 1569 687 1601; x_wconf 91' lang='lat' dir='ltr'>in</span> <span class='ocrx_word' id='word_1_160' title='bbox 715 1569 857 1602; x_wconf 87' lang='lat' dir='ltr'>terminis</span> <span class='ocrx_word' id='word_1_161' title='bbox 882 1569 1117 1611; x_wconf 86' lang='lat' dir='ltr'>constituendis,</span> <span class='ocrx_word' id='word_1_162' title='bbox 1142 1579 1203 1602; x_wconf 93' lang='lat' dir='ltr'>non</span> 
     </span>
     <span class='ocr_line' id='line_1_35' title="bbox 465 1621 1202 1662; baseline 0.001 -9"><span class='ocrx_word' id='word_1_163' title='bbox 465 1621 686 1662; x_wconf 83' lang='lat' dir='ltr'>exhibuerint,</span> <span class='ocrx_word' id='word_1_164' title='bbox 716 1632 770 1654; x_wconf 89' lang='lat' dir='ltr'>seu</span> <span class='ocrx_word' id='word_1_165' title='bbox 802 1622 833 1654; x_wconf 92' lang='lat' dir='ltr'>in</span> <span class='ocrx_word' id='word_1_166' title='bbox 859 1622 984 1654; x_wconf 91' lang='lat' dir='ltr'>illorum</span> <span class='ocrx_word' id='word_1_167' title='bbox 1010 1621 1202 1655; x_wconf 85' lang='lat' dir='ltr'>exhibitione</span> 
     </span>
     <span class='ocr_line' id='line_1_36' title="bbox 465 1673 1201 1717; baseline 0.001 -12"><span class='ocrx_word' id='word_1_168' title='bbox 465 1673 614 1706; x_wconf 84' lang='lat' dir='ltr'>malitiam</span> <span class='ocrx_word' id='word_1_169' title='bbox 650 1675 888 1715; x_wconf 87' lang='lat' dir='ltr'>commiserint,</span> <span class='ocrx_word' id='word_1_170' title='bbox 913 1675 960 1707; x_wconf 89' lang='lat' dir='ltr'>vel</span> <span class='ocrx_word' id='word_1_171' title='bbox 984 1674 1149 1717; x_wconf 86' lang='lat' dir='ltr'>fraudem,</span> <span class='ocrx_word' id='word_1_172' title='bbox 1178 1675 1201 1706; x_wconf 90' lang='lat' dir='ltr'>si</span> 
     </span>
     <span class='ocr_line' id='line_1_37' title="bbox 465 1727 1203 1772; baseline 0.003 -14"><span class='ocrx_word' id='word_1_173' title='bbox 465 1727 667 1759; x_wconf 89' lang='lat' dir='ltr'>ecclesiarum</span> <span class='ocrx_word' id='word_1_174' title='bbox 700 1728 851 1761; x_wconf 84' lang='lat' dir='ltr'>antistites</span> <span class='ocrx_word' id='word_1_175' title='bbox 883 1728 1008 1770; x_wconf 89' lang='lat' dir='ltr'>suerint,</span> <span class='ocrx_word' id='word_1_176' title='bbox 1040 1728 1203 1772; x_wconf 88' lang='lat' dir='ltr'>suspendi-</span> 
     </span>
     <span class='ocr_line' id='line_1_38' title="bbox 465 1780 1202 1825; baseline 0.004 -14"><span class='ocrx_word' id='word_1_177' title='bbox 465 1790 534 1813; x_wconf 87' lang='lat' dir='ltr'>mus</span> <span class='ocrx_word' id='word_1_178' title='bbox 552 1791 568 1812; x_wconf 89' lang='lat' dir='ltr'>a</span> <span class='ocrx_word' id='word_1_179' title='bbox 586 1780 719 1821; x_wconf 84' lang='lat' dir='ltr'>divinis;</span> <span class='ocrx_word' id='word_1_180' title='bbox 738 1781 872 1825; x_wconf 88' lang='lat' dir='ltr'>capitula</span> <span class='ocrx_word' id='word_1_181' title='bbox 899 1792 995 1824; x_wconf 92' lang='lat' dir='ltr'>vero,</span> <span class='ocrx_word' id='word_1_182' title='bbox 1021 1787 1202 1823; x_wconf 86' lang='lat' dir='ltr'>conventus,</span> 
     </span>
     <span class='ocr_line' id='line_1_39' title="bbox 465 1834 1203 1877; baseline 0.004 -12"><span class='ocrx_word' id='word_1_183' title='bbox 465 1834 736 1876; x_wconf 78' lang='lat' dir='ltr'>congregationes,</span> <span class='ocrx_word' id='word_1_184' title='bbox 757 1835 920 1867; x_wconf 79' lang='lat' dir='ltr'>societates</span> <span class='ocrx_word' id='word_1_185' title='bbox 945 1838 974 1868; x_wconf 91' lang='lat' dir='ltr'>et</span> <span class='ocrx_word' id='word_1_186' title='bbox 998 1835 1130 1877; x_wconf 82' lang='lat' dir='ltr'>collegia</span> <span class='ocrx_word' id='word_1_187' title='bbox 1155 1846 1203 1868; x_wconf 89' lang='lat' dir='ltr'>ec-</span> 
     </span>
     <span class='ocr_line' id='line_1_40' title="bbox 465 1886 1203 1931; baseline 0.003 -13"><span class='ocrx_word' id='word_1_188' title='bbox 465 1886 639 1920; x_wconf 86' lang='lat' dir='ltr'>clesiastico</span> <span class='ocrx_word' id='word_1_189' title='bbox 657 1887 824 1920; x_wconf 88' lang='lat' dir='ltr'>interdicto</span> <span class='ocrx_word' id='word_1_190' title='bbox 849 1888 1067 1931; x_wconf 85' lang='lat' dir='ltr'>supponimus,</span> <span class='ocrx_word' id='word_1_191' title='bbox 1085 1898 1120 1920; x_wconf 90' lang='lat' dir='ltr'>ac</span> <span class='ocrx_word' id='word_1_192' title='bbox 1144 1888 1203 1921; x_wconf 93' lang='lat' dir='ltr'>sin-</span> 
     </span>
     <span class='ocr_line' id='line_1_41' title="bbox 466 1940 1202 1984; baseline 0.004 -13"><span class='ocrx_word' id='word_1_193' title='bbox 466 1940 590 1981; x_wconf 79' lang='lat' dir='ltr'>gulares</span> <span class='ocrx_word' id='word_1_194' title='bbox 614 1951 765 1984; x_wconf 86' lang='lat' dir='ltr'>personas</span> <span class='ocrx_word' id='word_1_195' title='bbox 788 1941 924 1974; x_wconf 83' lang='lat' dir='ltr'>antistite</span> <span class='ocrx_word' id='word_1_196' title='bbox 951 1941 1126 1982; x_wconf 83' lang='lat' dir='ltr'>inferiores,</span> <span class='ocrx_word' id='word_1_197' title='bbox 1152 1951 1202 1974; x_wconf 85' lang='lat' dir='ltr'>cx-</span> 
     </span>
     <span class='ocr_line' id='line_1_42' title="bbox 466 1994 1157 2028; baseline 0.004 -4"><span class='ocrx_word' id='word_1_198' title='bbox 466 1994 760 2027; x_wconf 86' lang='lat' dir='ltr'>communicationis</span> <span class='ocrx_word' id='word_1_199' title='bbox 784 1995 936 2028; x_wconf 73' lang='lat' dir='ltr'>sententia</span> <span class='ocrx_word' id='word_1_200' title='bbox 962 1995 1157 2028; x_wconf 84' lang='lat' dir='ltr'>innodamus.</span> 
     </span>
    </p>

    <p class='ocr_par' dir='ltr' id='par_1_8' title="bbox 464 2046 1203 2518">
     <span class='ocr_line' id='line_1_43' title="bbox 510 2046 1202 2091; baseline 0.001 -12"><span class='ocrx_word' id='word_1_201' title='bbox 510 2046 578 2089; x_wconf 65' lang='lat'>§8</span> <span class='ocrx_word' id='word_1_202' title='bbox 605 2047 747 2080; x_wconf 87' lang='lat' dir='ltr'>Ceterum</span> <span class='ocrx_word' id='word_1_203' title='bbox 784 2048 823 2080; x_wconf 87' lang='lat' dir='ltr'>ad</span> <span class='ocrx_word' id='word_1_204' title='bbox 859 2047 1033 2091; x_wconf 87' lang='lat' dir='ltr'>praedictas</span> <span class='ocrx_word' id='word_1_205' title='bbox 1065 2047 1202 2081; x_wconf 89' lang='lat' dir='ltr'>decimas</span> 
     </span>
     <span class='ocr_line' id='line_1_44' title="bbox 466 2101 1202 2145; baseline 0.004 -14"><span class='ocrx_word' id='word_1_206' title='bbox 466 2101 701 2144; x_wconf 83' lang='lat' dir='ltr'>consequendas</span> <span class='ocrx_word' id='word_1_207' title='bbox 718 2102 928 2145; x_wconf 87' lang='lat' dir='ltr'>praecipimus</span> <span class='ocrx_word' id='word_1_208' title='bbox 946 2102 1036 2135; x_wconf 88' lang='lat' dir='ltr'>etiam</span> <span class='ocrx_word' id='word_1_209' title='bbox 1056 2102 1202 2134; x_wconf 90' lang='lat' dir='ltr'>omnibus</span> 
     </span>
     <span class='ocr_line' id='line_1_45' title="bbox 466 2154 1202 2197; baseline 0.003 -11"><span class='ocrx_word' id='word_1_210' title='bbox 466 2154 730 2197; x_wconf 86' lang='lat' dir='ltr'>conductoribus,</span> <span class='ocrx_word' id='word_1_211' title='bbox 756 2155 927 2188; x_wconf 86' lang='lat' dir='ltr'>censuariis</span> <span class='ocrx_word' id='word_1_212' title='bbox 957 2161 986 2188; x_wconf 89' lang='lat' dir='ltr'>et</span> <span class='ocrx_word' id='word_1_213' title='bbox 1010 2155 1202 2188; x_wconf 88' lang='lat' dir='ltr'>locatoribus</span> 
     </span>
     <span class='ocr_line' id='line_1_46' title="bbox 464 2207 1202 2250; baseline 0.001 -11"><span class='ocrx_word' id='word_1_214' title='bbox 464 2207 702 2250; x_wconf 87' lang='lat' dir='ltr'>proprietatum,</span> <span class='ocrx_word' id='word_1_215' title='bbox 720 2208 888 2249; x_wconf 79' lang='lat' dir='ltr'>fructuum,</span> <span class='ocrx_word' id='word_1_216' title='bbox 905 2218 1011 2241; x_wconf 92' lang='lat' dir='ltr'>rerum</span> <span class='ocrx_word' id='word_1_217' title='bbox 1033 2213 1063 2240; x_wconf 91' lang='lat' dir='ltr'>et</span> <span class='ocrx_word' id='word_1_218' title='bbox 1087 2208 1202 2241; x_wconf 90' lang='lat' dir='ltr'>iurium</span> 
     </span>
     <span class='ocr_line' id='line_1_47' title="bbox 465 2260 1203 2305; baseline 0.003 -14"><span class='ocrx_word' id='word_1_219' title='bbox 465 2260 710 2303; x_wconf 89' lang='lat' dir='ltr'>praedictorum,</span> <span class='ocrx_word' id='word_1_220' title='bbox 727 2261 819 2294; x_wconf 88' lang='lat' dir='ltr'>etiam</span> <span class='ocrx_word' id='word_1_221' title='bbox 845 2261 1024 2294; x_wconf 88' lang='lat' dir='ltr'>huiusmodi</span> <span class='ocrx_word' id='word_1_222' title='bbox 1049 2261 1203 2305; x_wconf 90' lang='lat' dir='ltr'>pensioni-</span> 
     </span>
     <span class='ocr_line' id='line_1_48' title="bbox 465 2313 1203 2359; baseline 0.004 -14"><span class='ocrx_word' id='word_1_223' title='bbox 465 2313 524 2345; x_wconf 89' lang='lat' dir='ltr'>bus</span> <span class='ocrx_word' id='word_1_224' title='bbox 537 2320 750 2356; x_wconf 88' lang='lat' dir='ltr'>oneratorum,</span> <span class='ocrx_word' id='word_1_225' title='bbox 768 2314 814 2348; x_wconf 41' lang='lat' dir='ltr'>eti²</span> <span class='ocrx_word' id='word_1_226' title='bbox 830 2321 979 2359; x_wconf 87' lang='lat' dir='ltr'>utrasque</span> <span class='ocrx_word' id='word_1_227' title='bbox 996 2315 1132 2348; x_wconf 90' lang='lat' dir='ltr'>decimas</span> <span class='ocrx_word' id='word_1_228' title='bbox 1150 2325 1203 2348; x_wconf 94' lang='lat' dir='ltr'>no-</span> 
     </span>
     <span class='ocr_line' id='line_1_49' title="bbox 466 2367 1203 2412; baseline 0.003 -14"><span class='ocrx_word' id='word_1_229' title='bbox 466 2367 549 2399; x_wconf 87' lang='lat' dir='ltr'>minc</span> <span class='ocrx_word' id='word_1_230' title='bbox 579 2367 779 2401; x_wconf 87' lang='lat' dir='ltr'>dominorum</span> <span class='ocrx_word' id='word_1_231' title='bbox 805 2379 841 2401; x_wconf 87' lang='lat' dir='ltr'>ac</span> <span class='ocrx_word' id='word_1_232' title='bbox 866 2368 1139 2412; x_wconf 90' lang='lat' dir='ltr'>pensionariorum</span> <span class='ocrx_word' id='word_1_233' title='bbox 1164 2368 1203 2401; x_wconf 87' lang='lat' dir='ltr'>ad</span> 
     </span>
     <span class='ocr_line' id='line_1_50' title="bbox 466 2422 1203 2466; baseline 0.004 -15"><span class='ocrx_word' id='word_1_234' title='bbox 466 2425 649 2464; x_wconf 85' lang='lat' dir='ltr'>computum</span> <span class='ocrx_word' id='word_1_235' title='bbox 669 2433 741 2455; x_wconf 84' lang='lat' dir='ltr'>suae</span> <span class='ocrx_word' id='word_1_236' title='bbox 759 2422 892 2466; x_wconf 87' lang='lat' dir='ltr'>quisque</span> <span class='ocrx_word' id='word_1_237' title='bbox 908 2422 1088 2462; x_wconf 88' lang='lat' dir='ltr'>locationis;</span> <span class='ocrx_word' id='word_1_238' title='bbox 1106 2422 1203 2455; x_wconf 91' lang='lat' dir='ltr'>omni-</span> 
     </span>
     <span class='ocr_line' id='line_1_51' title="bbox 466 2472 1203 2518; baseline 0.007 -15"><span class='ocrx_word' id='word_1_239' title='bbox 466 2472 524 2505; x_wconf 84' lang='lat' dir='ltr'>bus</span> <span class='ocrx_word' id='word_1_240' title='bbox 547 2484 620 2507; x_wconf 84' lang='lat' dir='ltr'>vero</span> <span class='ocrx_word' id='word_1_241' title='bbox 639 2476 875 2518; x_wconf 85' lang='lat' dir='ltr'>possessoribus</span> <span class='ocrx_word' id='word_1_242' title='bbox 899 2481 929 2509; x_wconf 90' lang='lat' dir='ltr'>et</span> <span class='ocrx_word' id='word_1_243' title='bbox 952 2475 1203 2516; x_wconf 70' lang='lat' dir='ltr'>usufructum-iis,</span> 
     </span>
    </p>
   </div>
   <div class='ocr_carea' id='block_1_6' title="bbox 502 2544 1020 2626">
    <p class='ocr_par' dir='ltr' id='par_1_9' title="bbox 502 2544 1020 2626">
     <span class='ocr_line' id='line_1_52' title="bbox 505 2544 1020 2582; baseline 0.006 -12"><span class='ocrx_word' id='word_1_244' title='bbox 505 2546 514 2571; x_wconf 85' lang='lat'>1</span> <span class='ocrx_word' id='word_1_245' title='bbox 538 2544 647 2571; x_wconf 79' lang='lat' dir='ltr'>Videtur</span> <span class='ocrx_word' id='word_1_246' title='bbox 666 2545 810 2580; x_wconf 78' lang='lat' dir='ltr'>tegendum</span> <span class='ocrx_word' id='word_1_247' title='bbox 830 2555 900 2581; x_wconf 77' lang='lat' dir='ltr'>quos</span> <span class='ocrx_word' id='word_1_248' title='bbox 920 2547 956 2582; x_wconf 78' lang='lat' dir='ltr'>(n.</span> <span class='ocrx_word' id='word_1_249' title='bbox 972 2546 1020 2581; x_wconf 87' lang='grc' dir='ltr'><strong>τ.).</strong></span> 
     </span>
     <span class='ocr_line' id='line_1_53' title="bbox 502 2589 992 2626; baseline 0.004 -10"><span class='ocrx_word' id='word_1_250' title='bbox 502 2590 518 2616; x_wconf 65' lang='lat'><strong>2</strong></span> <span class='ocrx_word' id='word_1_251' title='bbox 540 2589 629 2616; x_wconf 86' lang='lat' dir='ltr'>Potius</span> <span class='ocrx_word' id='word_1_252' title='bbox 647 2590 705 2624; x_wconf 81' lang='lat' dir='ltr'>lege</span> <span class='ocrx_word' id='word_1_253' title='bbox 724 2594 755 2618; x_wconf 80' lang='lat' dir='ltr'>uc</span> <span class='ocrx_word' id='word_1_254' title='bbox 774 2599 821 2625; x_wconf 85' lang='lat' dir='ltr'>pro</span> <span class='ocrx_word' id='word_1_255' title='bbox 841 2594 868 2619; x_wconf 82' lang='lat' dir='ltr'>et</span> <span class='ocrx_word' id='word_1_256' title='bbox 886 2593 923 2626; x_wconf 77' lang='lat' dir='ltr'>(R.</span> <span class='ocrx_word' id='word_1_257' title='bbox 944 2592 992 2625; x_wconf 56' lang='lat' dir='ltr'>aa).</span> 
     </span>
    </p>
   </div>
   <div class='ocr_carea' id='block_1_7' title="bbox 1218 259 1225 2560">
    <p class='ocr_par' dir='ltr' id='par_1_10' title="bbox 1218 259 1225 2560">
     <span class='ocr_line' id='line_1_54' title="bbox 1218 259 1225 2560; baseline 0 0"><span class='ocrx_word' id='word_1_258' title='bbox 1218 259 1225 2560; x_wconf 95' lang='lat' dir='ltr'> </span> 
     </span>
    </p>
   </div>
   <div class='ocr_carea' id='block_1_8' title="bbox 1044 195 1399 221">
    <p class='ocr_par' dir='ltr' id='par_1_11' title="bbox 1044 195 1399 221">
     <span class='ocr_line' id='line_1_55' title="bbox 1044 195 1399 221; baseline -0.003 -1"><span class='ocrx_word' id='word_1_259' title='bbox 1044 196 1221 221; x_wconf 52' lang='lat' dir='ltr'>ntttimntuttt</span> <span class='ocrx_word' id='word_1_260' title='bbox 1246 195 1399 220; x_wconf 69' lang='lat' dir='ltr'>ROMANUM</span> 
     </span>
    </p>
   </div>
   <div class='ocr_carea' id='block_1_9' title="bbox 1235 243 1979 2624">
    <p class='ocr_par' dir='ltr' id='par_1_12' title="bbox 1235 243 1979 2624">
     <span class='ocr_line' id='line_1_56' title="bbox 1243 243 1977 288; baseline 0.001 -12"><span class='ocrx_word' id='word_1_261' title='bbox 1243 250 1270 276; x_wconf 87' lang='lat' dir='ltr'>et</span> <span class='ocrx_word' id='word_1_262' title='bbox 1285 244 1353 276; x_wconf 86' lang='lat' dir='ltr'>aliis</span> <span class='ocrx_word' id='word_1_263' title='bbox 1366 243 1532 287; x_wconf 82' lang='lat' dir='ltr'>pensiones</span> <span class='ocrx_word' id='word_1_264' title='bbox 1547 253 1600 276; x_wconf 88' lang='lat' dir='ltr'>seu</span> <span class='ocrx_word' id='word_1_265' title='bbox 1617 243 1735 276; x_wconf 81' lang='lat' dir='ltr'>tructus</span> <span class='ocrx_word' id='word_1_266' title='bbox 1753 243 1872 287; x_wconf 84' lang='lat' dir='ltr'>aliaque</span> <span class='ocrx_word' id='word_1_267' title='bbox 1889 254 1977 288; x_wconf 86' lang='lat' dir='ltr'>prae-</span> 
     </span>
     <span class='ocr_line' id='line_1_57' title="bbox 1242 296 1975 339; baseline 0 -11"><span class='ocrx_word' id='word_1_268' title='bbox 1242 297 1323 329; x_wconf 91' lang='lat' dir='ltr'>dicta</span> <span class='ocrx_word' id='word_1_269' title='bbox 1352 296 1473 329; x_wconf 84' lang='lat' dir='ltr'>solvere</span> <span class='ocrx_word' id='word_1_270' title='bbox 1501 296 1708 336; x_wconf 86' lang='lat' dir='ltr'>debentibus,</span> <span class='ocrx_word' id='word_1_271' title='bbox 1736 301 1769 328; x_wconf 89' lang='lat' dir='ltr'>ut</span> <span class='ocrx_word' id='word_1_272' title='bbox 1801 296 1859 339; x_wconf 87' lang='lat' dir='ltr'>ipsi</span> <span class='ocrx_word' id='word_1_273' title='bbox 1884 296 1975 328; x_wconf 83' lang='lat' dir='ltr'>etiam</span> 
     </span>
     <span class='ocr_line' id='line_1_58' title="bbox 1241 347 1976 392; baseline -0.003 -10"><span class='ocrx_word' id='word_1_274' title='bbox 1241 349 1378 382; x_wconf 88' lang='lat' dir='ltr'>decimas</span> <span class='ocrx_word' id='word_1_275' title='bbox 1414 349 1601 392; x_wconf 87' lang='lat' dir='ltr'>pensionum</span> <span class='ocrx_word' id='word_1_276' title='bbox 1634 347 1816 381; x_wconf 86' lang='lat' dir='ltr'>huiusmodi</span> <span class='ocrx_word' id='word_1_277' title='bbox 1850 348 1976 381; x_wconf 85' lang='lat' dir='ltr'>nomine</span> 
     </span>
     <span class='ocr_line' id='line_1_59' title="bbox 1241 401 1977 446; baseline -0.001 -12"><span class='ocrx_word' id='word_1_278' title='bbox 1241 402 1513 446; x_wconf 82' lang='lat' dir='ltr'>pensionariorum</span> <span class='ocrx_word' id='word_1_279' title='bbox 1550 412 1691 435; x_wconf 87' lang='lat' dir='ltr'>camerae</span> <span class='ocrx_word' id='word_1_280' title='bbox 1724 407 1754 434; x_wconf 89' lang='lat' dir='ltr'>et</span> <span class='ocrx_word' id='word_1_281' title='bbox 1787 401 1977 444; x_wconf 86' lang='lat' dir='ltr'>depositario</span> 
     </span>
     <span class='ocr_line' id='line_1_60' title="bbox 1241 454 1977 499; baseline -0.003 -11"><span class='ocrx_word' id='word_1_282' title='bbox 1241 455 1408 499; x_wconf 87' lang='lat' dir='ltr'>praedictis</span> <span class='ocrx_word' id='word_1_283' title='bbox 1425 455 1545 498; x_wconf 81' lang='lat' dir='ltr'>integre</span> <span class='ocrx_word' id='word_1_284' title='bbox 1563 455 1757 499; x_wconf 71' lang='lat' dir='ltr'>persolvant,</span> <span class='ocrx_word' id='word_1_285' title='bbox 1774 454 1977 487; x_wconf 87' lang='lat' dir='ltr'>decernentes</span> 
     </span>
     <span class='ocr_line' id='line_1_61' title="bbox 1241 507 1978 551; baseline -0.003 -10"><span class='ocrx_word' id='word_1_286' title='bbox 1241 508 1376 541; x_wconf 90' lang='lat' dir='ltr'>decimas</span> <span class='ocrx_word' id='word_1_287' title='bbox 1404 509 1561 541; x_wconf 83' lang='lat' dir='ltr'>fructuum</span> <span class='ocrx_word' id='word_1_288' title='bbox 1576 535 1583 549; x_wconf 94' lang='lat'>,</span> <span class='ocrx_word' id='word_1_289' title='bbox 1608 507 1786 541; x_wconf 87' lang='lat' dir='ltr'>reddituum</span> <span class='ocrx_word' id='word_1_290' title='bbox 1803 534 1810 548; x_wconf 92' lang='lat'>,</span> <span class='ocrx_word' id='word_1_291' title='bbox 1838 517 1978 551; x_wconf 89' lang='lat' dir='ltr'>proven-</span> 
     </span>
     <span class='ocr_line' id='line_1_62' title="bbox 1242 561 1978 605; baseline 0 -13"><span class='ocrx_word' id='word_1_292' title='bbox 1242 567 1327 593; x_wconf 88' lang='lat' dir='ltr'>tuum</span> <span class='ocrx_word' id='word_1_293' title='bbox 1346 567 1375 594; x_wconf 92' lang='lat' dir='ltr'>et</span> <span class='ocrx_word' id='word_1_294' title='bbox 1392 561 1524 594; x_wconf 88' lang='lat' dir='ltr'>aliorum</span> <span class='ocrx_word' id='word_1_295' title='bbox 1543 561 1657 593; x_wconf 83' lang='lat' dir='ltr'>iurium</span> <span class='ocrx_word' id='word_1_296' title='bbox 1676 561 1909 605; x_wconf 89' lang='lat' dir='ltr'>praedictorum</span> <span class='ocrx_word' id='word_1_297' title='bbox 1930 570 1978 592; x_wconf 91' lang='lat' dir='ltr'>se-</span> 
     </span>
     <span class='ocr_line' id='line_1_63' title="bbox 1241 612 1979 655; baseline -0.001 -9"><span class='ocrx_word' id='word_1_298' title='bbox 1241 614 1377 647; x_wconf 90' lang='lat' dir='ltr'>cundum</span> <span class='ocrx_word' id='word_1_299' title='bbox 1403 624 1511 647; x_wconf 83' lang='lat' dir='ltr'>verum</span> <span class='ocrx_word' id='word_1_300' title='bbox 1531 614 1669 647; x_wconf 86' lang='lat' dir='ltr'>valorem</span> <span class='ocrx_word' id='word_1_301' title='bbox 1687 624 1836 655; x_wconf 88' lang='lat' dir='ltr'>annuum,</span> <span class='ocrx_word' id='word_1_302' title='bbox 1855 613 1902 646; x_wconf 90' lang='lat' dir='ltr'>vel</span> <span class='ocrx_word' id='word_1_303' title='bbox 1922 612 1979 646; x_wconf 86' lang='lat' dir='ltr'>sal-</span> 
     </span>
     <span class='ocr_line' id='line_1_64' title="bbox 1241 665 1977 712; baseline -0.001 -13"><span class='ocrx_word' id='word_1_304' title='bbox 1241 672 1302 699; x_wconf 93' lang='lat' dir='ltr'>tem</span> <span class='ocrx_word' id='word_1_305' title='bbox 1328 667 1412 701; x_wconf 87' lang='lat' dir='ltr'>iuxta</span> <span class='ocrx_word' id='word_1_306' title='bbox 1432 673 1544 709; x_wconf 65' lang='lat' dir='ltr'>taxant,</span> <span class='ocrx_word' id='word_1_307' title='bbox 1569 668 1607 700; x_wconf 90' lang='lat' dir='ltr'>de</span> <span class='ocrx_word' id='word_1_308' title='bbox 1630 678 1692 712; x_wconf 87' lang='lat' dir='ltr'>qua</span> <span class='ocrx_word' id='word_1_309' title='bbox 1716 677 1787 701; x_wconf 90' lang='lat' dir='ltr'>cum</span> <span class='ocrx_word' id='word_1_310' title='bbox 1808 665 1977 700; x_wconf 87' lang='lat' dir='ltr'>venerabili</span> 
     </span>
     <span class='ocr_line' id='line_1_65' title="bbox 1240 719 1978 765; baseline -0.001 -13"><span class='ocrx_word' id='word_1_311' title='bbox 1240 721 1336 753; x_wconf 85' lang='lat' dir='ltr'>fratre</span> <span class='ocrx_word' id='word_1_312' title='bbox 1360 726 1468 754; x_wconf 90' lang='lat' dir='ltr'>nostro</span> <span class='ocrx_word' id='word_1_313' title='bbox 1499 721 1634 754; x_wconf 91' lang='lat' dir='ltr'>Antonio</span> <span class='ocrx_word' id='word_1_314' title='bbox 1659 721 1807 765; x_wconf 87' lang='lat' dir='ltr'>episcopo</span> <span class='ocrx_word' id='word_1_315' title='bbox 1830 719 1978 752; x_wconf 89' lang='lat' dir='ltr'>Tuscula-</span> 
     </span>
     <span class='ocr_line' id='line_1_66' title="bbox 1240 773 1977 807; baseline 0 -2"><span class='ocrx_word' id='word_1_316' title='bbox 1240 773 1327 806; x_wconf 89' lang='lat' dir='ltr'>nensi</span> <span class='ocrx_word' id='word_1_317' title='bbox 1353 774 1502 807; x_wconf 88' lang='lat' dir='ltr'>cardinali</span> <span class='ocrx_word' id='word_1_318' title='bbox 1535 774 1670 807; x_wconf 88' lang='lat' dir='ltr'>Antonio</span> <span class='ocrx_word' id='word_1_319' title='bbox 1704 773 1873 806; x_wconf 86' lang='lat' dir='ltr'>Barberino</span> <span class='ocrx_word' id='word_1_320' title='bbox 1897 782 1977 805; x_wconf 92' lang='lat' dir='ltr'>nun-</span> 
     </span>
     <span class='ocr_line' id='line_1_67' title="bbox 1241 825 1977 870; baseline -0.001 -11"><span class='ocrx_word' id='word_1_321' title='bbox 1241 832 1355 870; x_wconf 85' lang='lat' dir='ltr'>cupato</span> <span class='ocrx_word' id='word_1_322' title='bbox 1373 826 1402 859; x_wconf 83' lang='lat' dir='ltr'>S.</span> <span class='ocrx_word' id='word_1_323' title='bbox 1422 828 1455 860; x_wconf 79' lang='lat' dir='ltr'>R.</span> <span class='ocrx_word' id='word_1_324' title='bbox 1474 827 1507 860; x_wconf 88' lang='lat' dir='ltr'>E.</span> <span class='ocrx_word' id='word_1_325' title='bbox 1529 827 1712 869; x_wconf 87' lang='lat' dir='ltr'>camerario,</span> <span class='ocrx_word' id='word_1_326' title='bbox 1733 832 1763 860; x_wconf 88' lang='lat' dir='ltr'>et</span> <span class='ocrx_word' id='word_1_327' title='bbox 1779 826 1892 859; x_wconf 87' lang='lat' dir='ltr'>dilecto</span> <span class='ocrx_word' id='word_1_328' title='bbox 1911 825 1977 858; x_wconf 81' lang='lat' dir='ltr'>filio</span> 
     </span>
     <span class='ocr_line' id='line_1_68' title="bbox 1240 879 1978 924; baseline 0 -13"><span class='ocrx_word' id='word_1_329' title='bbox 1240 883 1348 913; x_wconf 88' lang='lat' dir='ltr'>nostro</span> <span class='ocrx_word' id='word_1_330' title='bbox 1381 885 1411 912; x_wconf 87' lang='lat' dir='ltr'>et</span> <span class='ocrx_word' id='word_1_331' title='bbox 1441 890 1584 913; x_wconf 84' lang='lat' dir='ltr'>camerae</span> <span class='ocrx_word' id='word_1_332' title='bbox 1615 880 1792 924; x_wconf 83' lang='lat' dir='ltr'>praedictae</span> <span class='ocrx_word' id='word_1_333' title='bbox 1817 879 1978 912; x_wconf 87' lang='lat' dir='ltr'>thesaura-</span> 
     </span>
     <span class='ocr_line' id='line_1_69' title="bbox 1240 931 1976 976; baseline -0.001 -11"><span class='ocrx_word' id='word_1_334' title='bbox 1240 932 1287 965; x_wconf 90' lang='lat' dir='ltr'>rio</span> <span class='ocrx_word' id='word_1_335' title='bbox 1312 933 1451 976; x_wconf 83' lang='lat' dir='ltr'>generali</span> <span class='ocrx_word' id='word_1_336' title='bbox 1477 933 1612 976; x_wconf 90' lang='lat' dir='ltr'>(quibus</span> <span class='ocrx_word' id='word_1_337' title='bbox 1636 933 1728 965; x_wconf 90' lang='lat' dir='ltr'>etiam</span> <span class='ocrx_word' id='word_1_338' title='bbox 1754 931 1976 972; x_wconf 87' lang='lat' dir='ltr'>ecclesiarum,</span> 
     </span>
     <span class='ocr_line' id='line_1_70' title="bbox 1241 985 1976 1025; baseline -0.001 -7"><span class='ocrx_word' id='word_1_339' title='bbox 1241 986 1513 1025; x_wconf 85' lang='lat' dir='ltr'>monasteriorum,</span> <span class='ocrx_word' id='word_1_340' title='bbox 1538 986 1763 1019; x_wconf 82' lang='lat' dir='ltr'>beneficiorum</span> <span class='ocrx_word' id='word_1_341' title='bbox 1788 990 1818 1018; x_wconf 86' lang='lat' dir='ltr'>et</span> <span class='ocrx_word' id='word_1_342' title='bbox 1841 985 1976 1018; x_wconf 90' lang='lat' dir='ltr'>aliorum</span> 
     </span>
     <span class='ocr_line' id='line_1_71' title="bbox 1240 1039 1978 1082; baseline -0.001 -11"><span class='ocrx_word' id='word_1_343' title='bbox 1240 1039 1474 1082; x_wconf 87' lang='lat' dir='ltr'>praedictorum</span> <span class='ocrx_word' id='word_1_344' title='bbox 1500 1039 1620 1072; x_wconf 88' lang='lat' dir='ltr'>fructus</span> <span class='ocrx_word' id='word_1_345' title='bbox 1641 1039 1791 1072; x_wconf 85' lang='lat' dir='ltr'>hactenus</span> <span class='ocrx_word' id='word_1_346' title='bbox 1807 1047 1871 1071; x_wconf 93' lang='lat' dir='ltr'>non</span> <span class='ocrx_word' id='word_1_347' title='bbox 1895 1043 1978 1070; x_wconf 82' lang='lat' dir='ltr'>taxa-</span> 
     </span>
     <span class='ocr_line' id='line_1_72' title="bbox 1240 1092 1976 1133; baseline -0.001 -9"><span class='ocrx_word' id='word_1_348' title='bbox 1240 1097 1286 1125; x_wconf 83' lang='lat' dir='ltr'>tos</span> <span class='ocrx_word' id='word_1_349' title='bbox 1312 1093 1457 1133; x_wconf 81' lang='lat' dir='ltr'>taxandi,</span> <span class='ocrx_word' id='word_1_350' title='bbox 1487 1097 1516 1125; x_wconf 87' lang='lat' dir='ltr'>et</span> <span class='ocrx_word' id='word_1_351' title='bbox 1542 1096 1639 1126; x_wconf 84' lang='lat' dir='ltr'>taxam</span> <span class='ocrx_word' id='word_1_352' title='bbox 1666 1092 1700 1124; x_wconf 83' lang='lat' dir='ltr'>in</span> <span class='ocrx_word' id='word_1_353' title='bbox 1721 1092 1809 1124; x_wconf 84' lang='lat' dir='ltr'>libris</span> <span class='ocrx_word' id='word_1_354' title='bbox 1833 1100 1976 1124; x_wconf 87' lang='lat' dir='ltr'>camerae</span> 
     </span>
     <span class='ocr_line' id='line_1_73' title="bbox 1239 1145 1976 1189; baseline -0.003 -11"><span class='ocrx_word' id='word_1_355' title='bbox 1239 1146 1428 1189; x_wconf 88' lang='lat' dir='ltr'>apostolicae</span> <span class='ocrx_word' id='word_1_356' title='bbox 1445 1145 1579 1178; x_wconf 86' lang='lat' dir='ltr'>describi</span> <span class='ocrx_word' id='word_1_357' title='bbox 1597 1145 1738 1187; x_wconf 83' lang='lat' dir='ltr'>faciendi,</span> <span class='ocrx_word' id='word_1_358' title='bbox 1755 1154 1876 1178; x_wconf 88' lang='lat' dir='ltr'>necnon</span> <span class='ocrx_word' id='word_1_359' title='bbox 1891 1149 1976 1177; x_wconf 83' lang='lat' dir='ltr'>taxas</span> 
     </span>
     <span class='ocr_line' id='line_1_74' title="bbox 1239 1197 1977 1242; baseline -0.001 -12"><span class='ocrx_word' id='word_1_360' title='bbox 1239 1198 1391 1242; x_wconf 88' lang='lat' dir='ltr'>antiquas,</span> <span class='ocrx_word' id='word_1_361' title='bbox 1409 1199 1433 1231; x_wconf 91' lang='lat' dir='ltr'>si</span> <span class='ocrx_word' id='word_1_362' title='bbox 1459 1209 1538 1242; x_wconf 89' lang='lat' dir='ltr'>opus</span> <span class='ocrx_word' id='word_1_363' title='bbox 1563 1198 1667 1239; x_wconf 88' lang='lat' dir='ltr'>suerit,</span> <span class='ocrx_word' id='word_1_364' title='bbox 1684 1198 1766 1230; x_wconf 84' lang='lat' dir='ltr'>iuxta</span> <span class='ocrx_word' id='word_1_365' title='bbox 1791 1208 1898 1230; x_wconf 85' lang='lat' dir='ltr'>verum</span> <span class='ocrx_word' id='word_1_366' title='bbox 1916 1197 1977 1229; x_wconf 86' lang='lat' dir='ltr'>fru-</span> 
     </span>
     <span class='ocr_line' id='line_1_75' title="bbox 1239 1250 1977 1295; baseline -0.003 -11"><span class='ocrx_word' id='word_1_367' title='bbox 1239 1257 1343 1284; x_wconf 89' lang='lat' dir='ltr'>ctuum</span> <span class='ocrx_word' id='word_1_368' title='bbox 1370 1252 1519 1292; x_wconf 88' lang='lat' dir='ltr'>valorem,</span> <span class='ocrx_word' id='word_1_369' title='bbox 1548 1257 1732 1295; x_wconf 87' lang='lat' dir='ltr'>potestatem</span> <span class='ocrx_word' id='word_1_370' title='bbox 1758 1256 1787 1283; x_wconf 95' lang='lat' dir='ltr'>et</span> <span class='ocrx_word' id='word_1_371' title='bbox 1811 1250 1977 1283; x_wconf 87' lang='lat' dir='ltr'>auctorita-</span> 
     </span>
     <span class='ocr_line' id='line_1_76' title="bbox 1240 1304 1974 1348; baseline -0.003 -11"><span class='ocrx_word' id='word_1_372' title='bbox 1240 1307 1299 1337; x_wconf 84' lang='lat' dir='ltr'>tem</span> <span class='ocrx_word' id='word_1_373' title='bbox 1318 1304 1458 1348; x_wconf 88' lang='lat' dir='ltr'>plenarie</span> <span class='ocrx_word' id='word_1_374' title='bbox 1483 1304 1683 1338; x_wconf 90' lang='lat' dir='ltr'>concedimus</span> <span class='ocrx_word' id='word_1_375' title='bbox 1704 1310 1732 1336; x_wconf 89' lang='lat' dir='ltr'>et</span> <span class='ocrx_word' id='word_1_376' title='bbox 1750 1304 1974 1347; x_wconf 83' lang='lat' dir='ltr'>impertimur),</span> 
     </span>
     <span class='ocr_line' id='line_1_77' title="bbox 1239 1356 1976 1400; baseline 0 -11"><span class='ocrx_word' id='word_1_377' title='bbox 1239 1362 1272 1389; x_wconf 91' lang='lat' dir='ltr'>ut</span> <span class='ocrx_word' id='word_1_378' title='bbox 1296 1358 1481 1400; x_wconf 82' lang='lat' dir='ltr'>praefertur,</span> <span class='ocrx_word' id='word_1_379' title='bbox 1507 1357 1775 1398; x_wconf 85' lang='lat' dir='ltr'>concordaverint,</span> <span class='ocrx_word' id='word_1_380' title='bbox 1801 1356 1877 1389; x_wconf 84' lang='lat' dir='ltr'>alias</span> <span class='ocrx_word' id='word_1_381' title='bbox 1900 1365 1976 1389; x_wconf 90' lang='lat' dir='ltr'>vcro</span> 
     </span>
     <span class='ocr_line' id='line_1_78' title="bbox 1238 1409 1974 1452; baseline 0.001 -11"><span class='ocrx_word' id='word_1_382' title='bbox 1238 1410 1423 1452; x_wconf 83' lang='lat' dir='ltr'>pensionum</span> <span class='ocrx_word' id='word_1_383' title='bbox 1456 1410 1594 1443; x_wconf 87' lang='lat' dir='ltr'>decimas</span> <span class='ocrx_word' id='word_1_384' title='bbox 1625 1410 1662 1442; x_wconf 88' lang='lat' dir='ltr'>ad</span> <span class='ocrx_word' id='word_1_385' title='bbox 1688 1411 1840 1443; x_wconf 88' lang='lat' dir='ltr'>rationem</span> <span class='ocrx_word' id='word_1_386' title='bbox 1866 1409 1974 1442; x_wconf 91' lang='lat' dir='ltr'>decem</span> 
     </span>
     <span class='ocr_line' id='line_1_79' title="bbox 1238 1463 1975 1507; baseline 0 -12"><span class='ocrx_word' id='word_1_387' title='bbox 1238 1473 1296 1505; x_wconf 90' lang='lat' dir='ltr'>pro</span> <span class='ocrx_word' id='word_1_388' title='bbox 1328 1463 1507 1496; x_wconf 88' lang='lat' dir='ltr'>centenario</span> <span class='ocrx_word' id='word_1_389' title='bbox 1535 1463 1687 1507; x_wconf 85' lang='lat' dir='ltr'>praestari</span> <span class='ocrx_word' id='word_1_390' title='bbox 1720 1463 1845 1504; x_wconf 78' lang='lat' dir='ltr'>debere,</span> <span class='ocrx_word' id='word_1_391' title='bbox 1870 1468 1899 1495; x_wconf 83' lang='lat' dir='ltr'>et</span> <span class='ocrx_word' id='word_1_392' title='bbox 1927 1472 1975 1496; x_wconf 93' lang='lat' dir='ltr'>se-</span> 
     </span>
     <span class='ocr_line' id='line_1_80' title="bbox 1239 1516 1975 1560; baseline 0.003 -13"><span class='ocrx_word' id='word_1_393' title='bbox 1239 1516 1375 1548; x_wconf 90' lang='lat' dir='ltr'>cundum</span> <span class='ocrx_word' id='word_1_394' title='bbox 1402 1527 1436 1549; x_wconf 87' lang='lat' dir='ltr'>ea</span> <span class='ocrx_word' id='word_1_395' title='bbox 1461 1516 1639 1560; x_wconf 87' lang='lat' dir='ltr'>praedictos</span> <span class='ocrx_word' id='word_1_396' title='bbox 1657 1527 1765 1550; x_wconf 89' lang='lat' dir='ltr'>omnes</span> <span class='ocrx_word' id='word_1_397' title='bbox 1790 1517 1820 1549; x_wconf 93' lang='lat' dir='ltr'>in</span> <span class='ocrx_word' id='word_1_398' title='bbox 1840 1517 1975 1549; x_wconf 88' lang='lat' dir='ltr'>solidum</span> 
     </span>
     <span class='ocr_line' id='line_1_81' title="bbox 1239 1569 1974 1614; baseline 0.003 -13"><span class='ocrx_word' id='word_1_399' title='bbox 1239 1569 1396 1612; x_wconf 73' lang='lat' dir='ltr'>cogendos</span> <span class='ocrx_word' id='word_1_400' title='bbox 1427 1580 1514 1610; x_wconf 90' lang='lat' dir='ltr'>esse,</span> <span class='ocrx_word' id='word_1_401' title='bbox 1547 1570 1749 1614; x_wconf 88' lang='lat' dir='ltr'>ipsarumque</span> <span class='ocrx_word' id='word_1_402' title='bbox 1781 1570 1974 1603; x_wconf 86' lang='lat' dir='ltr'>decimarum</span> 
     </span>
     <span class='ocr_line' id='line_1_82' title="bbox 1238 1623 1974 1667; baseline 0.004 -13"><span class='ocrx_word' id='word_1_403' title='bbox 1238 1628 1461 1665; x_wconf 86' lang='lat' dir='ltr'>procuratores</span> <span class='ocrx_word' id='word_1_404' title='bbox 1474 1633 1491 1656; x_wconf 85' lang='lat' dir='ltr'>a</span> <span class='ocrx_word' id='word_1_405' title='bbox 1505 1623 1618 1667; x_wconf 88' lang='lat' dir='ltr'>quibus</span> <span class='ocrx_word' id='word_1_406' title='bbox 1636 1624 1762 1657; x_wconf 88' lang='lat' dir='ltr'>libuerit</span> <span class='ocrx_word' id='word_1_407' title='bbox 1780 1624 1900 1667; x_wconf 85' lang='lat' dir='ltr'>integre</span> <span class='ocrx_word' id='word_1_408' title='bbox 1914 1624 1974 1657; x_wconf 83' lang='lat' dir='ltr'>exi-</span> 
     </span>
     <span class='ocr_line' id='line_1_83' title="bbox 1238 1676 1973 1721; baseline 0.004 -14"><span class='ocrx_word' id='word_1_409' title='bbox 1238 1676 1330 1718; x_wconf 78' lang='lat' dir='ltr'>gendi</span> <span class='ocrx_word' id='word_1_410' title='bbox 1362 1677 1522 1720; x_wconf 86' lang='lat' dir='ltr'>optionem</span> <span class='ocrx_word' id='word_1_411' title='bbox 1559 1677 1800 1721; x_wconf 84' lang='lat' dir='ltr'>facultatemque</span> <span class='ocrx_word' id='word_1_412' title='bbox 1835 1676 1973 1721; x_wconf 86' lang='lat' dir='ltr'>habere,</span> 
     </span>
     <span class='ocr_line' id='line_1_84' title="bbox 1237 1731 1974 1775; baseline 0.003 -13"><span class='ocrx_word' id='word_1_413' title='bbox 1237 1739 1338 1773; x_wconf 86' lang='lat' dir='ltr'>neque</span> <span class='ocrx_word' id='word_1_414' title='bbox 1359 1731 1437 1763; x_wconf 89' lang='lat' dir='ltr'>ullas</span> <span class='ocrx_word' id='word_1_415' title='bbox 1463 1731 1674 1764; x_wconf 87' lang='lat' dir='ltr'>immunitates</span> <span class='ocrx_word' id='word_1_416' title='bbox 1699 1735 1728 1765; x_wconf 90' lang='lat' dir='ltr'>et</span> <span class='ocrx_word' id='word_1_417' title='bbox 1752 1731 1974 1775; x_wconf 88' lang='lat' dir='ltr'>exemptiones,</span> 
     </span>
     <span class='ocr_line' id='line_1_85' title="bbox 1238 1783 1975 1827; baseline 0.004 -12"><span class='ocrx_word' id='word_1_418' title='bbox 1238 1783 1330 1815; x_wconf 83' lang='lat' dir='ltr'>etiam</span> <span class='ocrx_word' id='word_1_419' title='bbox 1349 1794 1384 1816; x_wconf 81' lang='lat' dir='ltr'>ex</span> <span class='ocrx_word' id='word_1_420' title='bbox 1403 1786 1496 1817; x_wconf 78' lang='lat' dir='ltr'>causa</span> <span class='ocrx_word' id='word_1_421' title='bbox 1515 1785 1745 1827; x_wconf 81' lang='lat' dir='ltr'>resignationis,</span> <span class='ocrx_word' id='word_1_422' title='bbox 1765 1785 1914 1818; x_wconf 89' lang='lat' dir='ltr'>cessionis</span> <span class='ocrx_word' id='word_1_423' title='bbox 1932 1785 1975 1818; x_wconf 89' lang='lat' dir='ltr'>iu-</span> 
     </span>
     <span class='ocr_line' id='line_1_86' title="bbox 1238 1837 1974 1882; baseline 0.003 -13"><span class='ocrx_word' id='word_1_424' title='bbox 1238 1837 1290 1877; x_wconf 84' lang='lat' dir='ltr'>ris,</span> <span class='ocrx_word' id='word_1_425' title='bbox 1315 1838 1502 1870; x_wconf 87' lang='lat' dir='ltr'>concordiae</span> <span class='ocrx_word' id='word_1_426' title='bbox 1517 1865 1524 1878; x_wconf 91' lang='lat'>,</span> <span class='ocrx_word' id='word_1_427' title='bbox 1556 1839 1772 1871; x_wconf 84' lang='lat' dir='ltr'>conventionis</span> <span class='ocrx_word' id='word_1_428' title='bbox 1789 1865 1796 1879; x_wconf 90' lang='lat'>‚</span> <span class='ocrx_word' id='word_1_429' title='bbox 1825 1843 1877 1871; x_wconf 90' lang='lat' dir='ltr'>aut</span> <span class='ocrx_word' id='word_1_430' title='bbox 1897 1848 1974 1882; x_wconf 88' lang='lat' dir='ltr'>qua-</span> 
     </span>
     <span class='ocr_line' id='line_1_87' title="bbox 1237 1890 1973 1933; baseline 0.001 -10"><span class='ocrx_word' id='word_1_431' title='bbox 1237 1901 1371 1933; x_wconf 85' lang='lat' dir='ltr'>cumque</span> <span class='ocrx_word' id='word_1_432' title='bbox 1389 1890 1448 1922; x_wconf 72' lang='lat' dir='ltr'>alia</span> <span class='ocrx_word' id='word_1_433' title='bbox 1473 1891 1560 1933; x_wconf 82' lang='lat' dir='ltr'>gravi</span> <span class='ocrx_word' id='word_1_434' title='bbox 1585 1897 1615 1924; x_wconf 87' lang='lat' dir='ltr'>et</span> <span class='ocrx_word' id='word_1_435' title='bbox 1639 1892 1772 1924; x_wconf 72' lang='lat' dir='ltr'>onerosa</span> <span class='ocrx_word' id='word_1_436' title='bbox 1798 1891 1973 1932; x_wconf 88' lang='lat' dir='ltr'>occasione,</span> 
     </span>
     <span class='ocr_line' id='line_1_88' title="bbox 1236 1944 1974 1988; baseline 0.003 -13"><span class='ocrx_word' id='word_1_437' title='bbox 1236 1953 1436 1987; x_wconf 90' lang='lat' dir='ltr'>quocumque</span> <span class='ocrx_word' id='word_1_438' title='bbox 1460 1944 1564 1985; x_wconf 90' lang='lat' dir='ltr'>modo,</span> <span class='ocrx_word' id='word_1_439' title='bbox 1589 1949 1619 1977; x_wconf 92' lang='lat' dir='ltr'>et</span> <span class='ocrx_word' id='word_1_440' title='bbox 1642 1944 1700 1977; x_wconf 91' lang='lat' dir='ltr'>sub</span> <span class='ocrx_word' id='word_1_441' title='bbox 1724 1945 1974 1988; x_wconf 87' lang='lat' dir='ltr'>quibuscumque</span> 
     </span>
     <span class='ocr_line' id='line_1_89' title="bbox 1237 1995 1973 2040; baseline 0.001 -12"><span class='ocrx_word' id='word_1_442' title='bbox 1237 1995 1404 2028; x_wconf 85' lang='lat' dir='ltr'>verborum</span> <span class='ocrx_word' id='word_1_443' title='bbox 1422 1996 1686 2040; x_wconf 83' lang='lat' dir='ltr'>expressionibus,</span> <span class='ocrx_word' id='word_1_444' title='bbox 1700 1997 1791 2029; x_wconf 88' lang='lat' dir='ltr'>etiam</span> <span class='ocrx_word' id='word_1_445' title='bbox 1803 2007 1820 2029; x_wconf 90' lang='lat' dir='ltr'>a</span> <span class='ocrx_word' id='word_1_446' title='bbox 1833 1997 1973 2037; x_wconf 90' lang='lat' dir='ltr'>decimis,</span> 
     </span>
     <span class='ocr_line' id='line_1_90' title="bbox 1237 2049 1972 2093; baseline 0.003 -13"><span class='ocrx_word' id='word_1_447' title='bbox 1237 2058 1291 2081; x_wconf 86' lang='lat' dir='ltr'>seu</span> <span class='ocrx_word' id='word_1_448' title='bbox 1315 2049 1475 2092; x_wconf 87' lang='lat' dir='ltr'>quibusvis</span> <span class='ocrx_word' id='word_1_449' title='bbox 1500 2049 1568 2082; x_wconf 83' lang='lat' dir='ltr'>aliis</span> <span class='ocrx_word' id='word_1_450' title='bbox 1593 2049 1854 2093; x_wconf 86' lang='lat' dir='ltr'>impositionibus,</span> <span class='ocrx_word' id='word_1_451' title='bbox 1880 2049 1972 2082; x_wconf 87' lang='lat' dir='ltr'>etiam</span> 
     </span>
     <span class='ocr_line' id='line_1_91' title="bbox 1237 2102 1972 2147; baseline 0.003 -14"><span class='ocrx_word' id='word_1_452' title='bbox 1237 2112 1295 2145; x_wconf 92' lang='lat' dir='ltr'>pro</span> <span class='ocrx_word' id='word_1_453' title='bbox 1320 2102 1515 2146; x_wconf 85' lang='lat' dir='ltr'>expeditione</span> <span class='ocrx_word' id='word_1_454' title='bbox 1541 2106 1600 2136; x_wconf 86' lang='lat' dir='ltr'>tam</span> <span class='ocrx_word' id='word_1_455' title='bbox 1625 2102 1774 2136; x_wconf 76' lang='lat' dir='ltr'>offensiva</span> <span class='ocrx_word' id='word_1_456' title='bbox 1799 2113 1892 2147; x_wconf 89' lang='lat' dir='ltr'>quam</span> <span class='ocrx_word' id='word_1_457' title='bbox 1917 2102 1972 2135; x_wconf 89' lang='lat' dir='ltr'>de-</span> 
     </span>
     <span class='ocr_line' id='line_1_92' title="bbox 1237 2155 1972 2189; baseline 0.001 -2"><span class='ocrx_word' id='word_1_458' title='bbox 1237 2155 1353 2187; x_wconf 79' lang='lat' dir='ltr'>fensiva</span> <span class='ocrx_word' id='word_1_459' title='bbox 1379 2160 1487 2189; x_wconf 88' lang='lat' dir='ltr'>contra</span> <span class='ocrx_word' id='word_1_460' title='bbox 1521 2157 1637 2189; x_wconf 87' lang='lat' dir='ltr'>Turcas</span> <span class='ocrx_word' id='word_1_461' title='bbox 1667 2161 1696 2189; x_wconf 86' lang='lat' dir='ltr'>et</span> <span class='ocrx_word' id='word_1_462' title='bbox 1723 2156 1800 2189; x_wconf 86' lang='lat' dir='ltr'>alios</span> <span class='ocrx_word' id='word_1_463' title='bbox 1831 2155 1972 2189; x_wconf 80' lang='lat' dir='ltr'>infideles</span> 
     </span>
     <span class='ocr_line' id='line_1_93' title="bbox 1237 2208 1973 2252; baseline 0.001 -12"><span class='ocrx_word' id='word_1_464' title='bbox 1237 2213 1266 2240; x_wconf 89' lang='lat' dir='ltr'>et</span> <span class='ocrx_word' id='word_1_465' title='bbox 1290 2208 1485 2249; x_wconf 85' lang='lat' dir='ltr'>haereticos,</span> <span class='ocrx_word' id='word_1_466' title='bbox 1511 2219 1565 2241; x_wconf 88' lang='lat' dir='ltr'>seu</span> <span class='ocrx_word' id='word_1_467' title='bbox 1590 2219 1625 2241; x_wconf 87' lang='lat' dir='ltr'>ex</span> <span class='ocrx_word' id='word_1_468' title='bbox 1654 2209 1713 2242; x_wconf 76' lang='lat' dir='ltr'>alia</span> <span class='ocrx_word' id='word_1_469' title='bbox 1743 2209 1850 2252; x_wconf 89' lang='lat' dir='ltr'>quavis</span> <span class='ocrx_word' id='word_1_470' title='bbox 1879 2218 1973 2252; x_wconf 85' lang='lat' dir='ltr'>quan·</span> 
     </span>
     <span class='ocr_line' id='line_1_94' title="bbox 1236 2261 1972 2304; baseline 0.003 -12"><span class='ocrx_word' id='word_1_471' title='bbox 1236 2261 1350 2293; x_wconf 88' lang='lat' dir='ltr'>tumvis</span> <span class='ocrx_word' id='word_1_472' title='bbox 1368 2261 1507 2304; x_wconf 78' lang='lat' dir='ltr'>legitima</span> <span class='ocrx_word' id='word_1_473' title='bbox 1525 2267 1554 2294; x_wconf 89' lang='lat' dir='ltr'>ct</span> <span class='ocrx_word' id='word_1_474' title='bbox 1575 2262 1752 2295; x_wconf 87' lang='lat' dir='ltr'>rationabili</span> <span class='ocrx_word' id='word_1_475' title='bbox 1781 2272 1817 2295; x_wconf 86' lang='lat' dir='ltr'>ac</span> <span class='ocrx_word' id='word_1_476' title='bbox 1835 2271 1972 2295; x_wconf 88' lang='lat' dir='ltr'>necessa-</span> 
     </span>
     <span class='ocr_line' id='line_1_95' title="bbox 1237 2314 1970 2358; baseline 0.001 -12"><span class='ocrx_word' id='word_1_477' title='bbox 1237 2314 1282 2346; x_wconf 79' lang='lat' dir='ltr'>ria</span> <span class='ocrx_word' id='word_1_478' title='bbox 1303 2318 1333 2347; x_wconf 89' lang='lat' dir='ltr'>et</span> <span class='ocrx_word' id='word_1_479' title='bbox 1357 2314 1395 2346; x_wconf 90' lang='lat' dir='ltr'>de</span> <span class='ocrx_word' id='word_1_480' title='bbox 1419 2315 1601 2347; x_wconf 85' lang='lat' dir='ltr'>necessitate</span> <span class='ocrx_word' id='word_1_481' title='bbox 1630 2314 1834 2358; x_wconf 71' lang='lat' dir='ltr'>exprimenda</span> <span class='ocrx_word' id='word_1_482' title='bbox 1858 2315 1970 2357; x_wconf 69' lang='lat' dir='ltr'>causa,</span> 
     </span>
     <span class='ocr_line' id='line_1_96' title="bbox 1237 2367 1970 2412; baseline 0 -12"><span class='ocrx_word' id='word_1_483' title='bbox 1237 2367 1328 2400; x_wconf 88' lang='lat' dir='ltr'>ctiam</span> <span class='ocrx_word' id='word_1_484' title='bbox 1350 2368 1381 2400; x_wconf 92' lang='lat' dir='ltr'>in</span> <span class='ocrx_word' id='word_1_485' title='bbox 1402 2369 1537 2401; x_wconf 82' lang='lat' dir='ltr'>savorem</span> <span class='ocrx_word' id='word_1_486' title='bbox 1557 2367 1765 2412; x_wconf 90' lang='lat' dir='ltr'>imperatoris,</span> <span class='ocrx_word' id='word_1_487' title='bbox 1783 2377 1903 2410; x_wconf 82' lang='lat' dir='ltr'>regum,</span> <span class='ocrx_word' id='word_1_488' title='bbox 1921 2377 1970 2400; x_wconf 89' lang='lat' dir='ltr'>re-</span> 
     </span>
     <span class='ocr_line' id='line_1_97' title="bbox 1237 2421 1970 2465; baseline 0 -12"><span class='ocrx_word' id='word_1_489' title='bbox 1237 2421 1381 2464; x_wconf 80' lang='lat' dir='ltr'>ginarum</span> <span class='ocrx_word' id='word_1_490' title='bbox 1397 2448 1404 2462; x_wconf 92' lang='lat'><em>‚</em></span> <span class='ocrx_word' id='word_1_491' title='bbox 1429 2421 1558 2462; x_wconf 90' lang='lat' dir='ltr'>ducum,</span> <span class='ocrx_word' id='word_1_492' title='bbox 1583 2431 1637 2454; x_wconf 87' lang='lat' dir='ltr'>seu</span> <span class='ocrx_word' id='word_1_493' title='bbox 1662 2421 1796 2454; x_wconf 84' lang='lat' dir='ltr'>aliorum</span> <span class='ocrx_word' id='word_1_494' title='bbox 1820 2430 1970 2465; x_wconf 90' lang='lat' dir='ltr'>quorum-</span> 
     </span>
     <span class='ocr_line' id='line_1_98' title="bbox 1237 2471 1970 2518; baseline -0.003 -12"><span class='ocrx_word' id='word_1_495' title='bbox 1237 2484 1371 2518; x_wconf 91' lang='lat' dir='ltr'>cumque</span> <span class='ocrx_word' id='word_1_496' title='bbox 1388 2474 1579 2518; x_wconf 88' lang='lat' dir='ltr'>principum,</span> <span class='ocrx_word' id='word_1_497' title='bbox 1591 2484 1626 2507; x_wconf 88' lang='lat' dir='ltr'>ac</span> <span class='ocrx_word' id='word_1_498' title='bbox 1642 2484 1700 2518; x_wconf 93' lang='lat' dir='ltr'>pro</span> <span class='ocrx_word' id='word_1_499' title='bbox 1713 2484 1822 2507; x_wconf 87' lang='lat' dir='ltr'>eorum</span> <span class='ocrx_word' id='word_1_500' title='bbox 1838 2478 1867 2506; x_wconf 88' lang='lat' dir='ltr'>et</span> <span class='ocrx_word' id='word_1_501' title='bbox 1883 2471 1970 2505; x_wconf 88' lang='lat' dir='ltr'>Sedis</span> 
     </span>
     <span class='ocr_line' id='line_1_99' title="bbox 1236 2526 1970 2571; baseline -0.003 -11"><span class='ocrx_word' id='word_1_502' title='bbox 1236 2527 1432 2571; x_wconf 88' lang='lat' dir='ltr'>Apostolicae</span> <span class='ocrx_word' id='word_1_503' title='bbox 1447 2527 1695 2567; x_wconf 86' lang='lat' dir='ltr'>necessitatibus,</span> <span class='ocrx_word' id='word_1_504' title='bbox 1720 2537 1775 2560; x_wconf 90' lang='lat' dir='ltr'>seu</span> <span class='ocrx_word' id='word_1_505' title='bbox 1790 2526 1864 2559; x_wconf 78' lang='lat' dir='ltr'>alias</span> <span class='ocrx_word' id='word_1_506' title='bbox 1881 2535 1970 2559; x_wconf 88' lang='lat' dir='ltr'>cano-</span> 
     </span>
     <span class='ocr_line' id='line_1_100' title="bbox 1235 2580 1968 2624; baseline -0.004 -10"><span class='ocrx_word' id='word_1_507' title='bbox 1235 2581 1304 2615; x_wconf 92' lang='lat' dir='ltr'>nice</span> <span class='ocrx_word' id='word_1_508' title='bbox 1332 2581 1378 2614; x_wconf 91' lang='lat' dir='ltr'>vel</span> <span class='ocrx_word' id='word_1_509' title='bbox 1407 2580 1445 2614; x_wconf 90' lang='lat' dir='ltr'>de</span> <span class='ocrx_word' id='word_1_510' title='bbox 1475 2581 1555 2614; x_wconf 87' lang='lat' dir='ltr'>sacto</span> <span class='ocrx_word' id='word_1_511' title='bbox 1580 2580 1735 2624; x_wconf 87' lang='lat' dir='ltr'>impositis</span> <span class='ocrx_word' id='word_1_512' title='bbox 1759 2584 1789 2613; x_wconf 92' lang='lat' dir='ltr'>et</span> <span class='ocrx_word' id='word_1_513' title='bbox 1809 2589 1868 2623; x_wconf 84' lang='lat' dir='ltr'>pro</span> <span class='ocrx_word' id='word_1_514' title='bbox 1893 2583 1968 2612; x_wconf 85' lang='lat' dir='ltr'>tem-</span> 
     </span>
    </p>
   </div>
   <div class='ocr_carea' id='block_1_10' title="bbox 1985 195 2208 225">
    <p class='ocr_par' dir='ltr' id='par_1_13' title="bbox 1985 174 2209 230">
     <span class='ocr_line' id='line_1_101' title="bbox 1985 195 2208 225; baseline 0.013 -3"><span class='ocrx_word' id='word_1_515' title='bbox 1985 196 2038 223; x_wconf 82' lang='lat' dir='ltr'>An.</span> <span class='ocrx_word' id='word_1_516' title='bbox 2058 195 2086 223; x_wconf 91' lang='lat' dir='ltr'>C.</span> <span class='ocrx_word' id='word_1_517' title='bbox 2104 196 2166 225; x_wconf 77' lang='lat'>¹661</span> <span class='ocrx_word' id='word_1_518' title='bbox 2205 198 2208 215; x_wconf 86' lang='lat'><strong>¹</strong></span> 
     </span>
    </p>
   </div>
  </div>
 </body>
</html>
