2243 3205
925 194 1019 218 mnnx
1045 193 1148 217 imarii
1698 181 1762 214 795

267 249 499 282 Cruciserorum
517 249 650 281 fratrum
668 248 751 282 Ordo
777 247 1002 291 supprimitur,
1019 245 1083 279 15⁶2
1102 257 1134 281 a:
1150 246 1234 278 bona
1255 245 1350 279 buius
1369 245 1498 278 Ordinis
1524 246 1555 278 in
1581 251 1663 278 statu
1688 246 1809 280 Veneto

356 301 520 336 existentia
546 302 749 345 applicantur
775 301 985 344 Reipublicae
1012 310 1070 342 pro
1095 298 1239 332 subsidio
1264 305 1374 332 contra
1399 300 1529 339 Turcas,
1558 299 1621 331 ’155
1638 310 1657 332 α
1675 304 1705 333 et
1725 310 1786 343 seq.

268 355 428 390 Curiensis
462 355 614 389 ecclcsiae
643 360 743 388 status
769 354 853 398 apud
880 353 1038 387 llelvetios
1064 353 1244 396 regulatur,
1273 352 1336 385 ’100
1361 365 1380 386 α
1407 360 1434 387 et
1461 354 1493 393 b,
1525 353 1678 388 eeclesiae
1711 353 1810 398 ipsius

356 409 531 443 concordia
563 420 636 442 cum
670 408 842 442 archiduce
874 408 1021 442 Austriue
1053 408 1207 446 refertur,
1242 406 1306 439 352
1343 418 1360 439 a
1399 413 1429 440 et
1461 418 1543 450 seq.;
1580 408 1806 448 confirmatur,

356 462 423 496 354
446 474 467 496 α
492 470 523 496 et
546 473 610 506 seq.

268 516 429 551 Curiensis
453 515 595 559 episcopi
620 521 651 549 et
674 515 797 548 abbatis
822 513 1007 548 monasterii
1032 514 1070 547 de
1095 513 1256 557 Ensylden
1282 514 1494 547 ‹eontroversia
1517 514 1601 547 cirea
1618 513 1810 547 iurisdietio-

356 579 430 602 nem
447 569 664 612 componitur,
682 567 747 600 5⁵23
764 579 803 607 α·,
830 568 905 601 item
923 578 995 601 eum
1016 567 1129 600 abbate
1150 566 1332 599 monasterii
1352 567 1587 608 Dissertiuensi,
1610 567 1675 600 5224
1694 573 1724 601 et
1744 579 1805 611 seq.

267 622 443 656 Cursorum
467 621 723 666 apostolicorum
748 621 873 665 collegii
898 620 1094 662 reformatio,
1122 619 1186 654 500
1211 625 1241 653 et
1265 631 1324 664 seq.

268 993 407 1038 Dapiferi
433 993 488 1038 qui
513 992 663 1027 dicantur
687 999 717 1027 et
742 993 859 1036 quibus
883 993 1044 1037 gaudeant
1069 995 1261 1038 privilegiis,
1287 994 1353 1028 204
1381 1006 1417 1035 a,
1446 1001 1654 1030 recensentur
1677 997 1809 1030 nomina

358 1048 573 1092 dapiserorum
598 1046 630 1079 in
654 1046 795 1081 conclavi
820 1057 904 1080 anno
929 1057 1045 1085 MDCLv,
1071 1047 1135 1081 0209
1160 1049 1186 1082 h.

268 1101 445 1134 Declaratio
470 1100 645 1144 apostolica
670 1110 727 1143 pro
754 1101 958 1134 universitate
983 1101 1223 1144 Complutensi,
1251 1102 1314 1136 508
1339 1103 1365 1135 b.

268 1153 445 1187 Declaratio
470 1164 565 1198 super
588 1153 685 1187 modo
709 1153 905 1197 intelligendi
924 1154 1085 1197 quoddam
1107 1156 1271 1189 decretum
1290 1167 1349 1200 pro
1373 1157 1522 1200 episcopo
1543 1157 1684 1191 Curiensi
1705 1163 1735 1191 et
1755 1156 1808 1190 ab-

357 1206 430 1240 bate
454 1206 641 1240 monasterii
667 1206 704 1239 de
729 1207 917 1251 Ensyldensi
944 1218 1039 1252 super
1062 1209 1298 1249 iurisdictione,
1325 1209 1388 1242 5⁶23
1413 1221 1441 1243 α.

268 1262 438 1296 Decretum
464 1261 722 1305 congregationis
748 1262 974 1305 episcoporum
995 1269 1025 1296 et
1049 1264 1245 1306 regularium
1269 1273 1327 1307 pro
1353 1263 1500 1297 fratribus
1526 1264 1700 1297 Minoribus
1735 1275 1806 1297 san-

358 1315 400 1350 cti
425 1315 586 1349 Francisci
612 1315 651 1348 de
676 1315 885 1349 observantia
903 1316 1083 1359 provinciae
1100 1316 1297 1359 Aquitaniae,
1315 1316 1379 1349 432
1397 1317 1430 1357 [13
1457 1317 1665 1350 confirmatur
1689 1329 1706 1350 a
1730 1318 1810 1351 Sede

360 1368 553 1412 Apostolica,
582 1368 660 1401 ibid.

271 1423 455 1463 Decretum,
480 1421 566 1465 quod
590 1423 715 1455 nullum
741 1422 789 1455 ius
808 1423 962 1466 competit
980 1423 1294 1456 administratoribus
1312 1429 1343 1456 et
1363 1423 1583 1466 superioribus
1604 1424 1812 1457 monasterio-

358 1486 429 1509 rum
453 1474 654 1515 parisiensis,
674 1476 877 1518 aliorumque
904 1475 1189 1509 Carmelitanarum
1207 1477 1465 1510 Excalceataium
1493 1477 1522 1509 in
1541 1477 1639 1510 Gallia
1659 1478 1807 1510 visitandi

358 1529 443 1563 dicta
468 1529 677 1570 monasteria,
700 1540 773 1563 cum
799 1529 930 1563 diversis
956 1528 1210 1562 ordinationibus
1228 1529 1312 1562 circa
1330 1530 1516 1569 visitatores,
1543 1529 1605 1563 507
1632 1541 1650 1562 (ι
1676 1536 1706 1564 et
1731 1542 1806 1574 seq„

358 1587 388 1615 et
413 1581 477 1614 646
503 1593 521 1615 α
549 1587 660 1625 etseq.

268 1635 438 1668 Decretum
462 1646 557 1679 super
581 1635 781 1678 exemptione
806 1635 968 1678 religionis
1001 1636 1086 1669 Beati
1112 1635 1238 1668 Ioannis
1262 1637 1317 1669 Dei
1343 1643 1545 1680 nuncupatae
1571 1637 1618 1669 (ἶς’
1646 1638 1724 1670 Fale
1749 1638 1806 1670 ben

358 1688 499 1721 Fratellz'
524 1689 563 1721 ab
589 1688 775 1722 omnimoda
800 1688 1020 1722 iurisdictione
1043 1689 1298 1730 Ordinariorum,
1326 1689 1384 1721 511
1414 1689 1440 1722 be

269 1741 442 1786 Deputatio
477 1742 594 1775 iudicis
631 1742 813 1776 clausarum
846 1747 877 1775 et
911 1743 1116 1786 exequutoris
1146 1741 1346 1776 decretorum
1383 1742 1573 1776 visitationis
1598 1745 1805 1777 ecclesiarum

358 1795 452 1829 Urbis
477 1806 494 1828 a
519 1796 549 1828 S.
578 1795 608 1828 S.
636 1795 788 1837 indictae,
816 1795 875 1828 581
906 1807 923 1829 a
950 1801 979 1829 et
1004 1806 1063 1840 seq.

268 1848 436 1893 Deputatio
461 1848 571 1882 vicarii
595 1849 761 1893 apostolici
793 1849 943 1882 ecclesiae
974 1849 1161 1883 Bisuntinae
1195 1860 1266 1883 cum
1300 1850 1501 1884 revocatione
1534 1850 1705 1884 cuiuslibet
1734 1851 1810 1884 alte-

358 1902 424 1935 rius
448 1913 466 1934 a
490 1903 631 1946 capitulo
656 1902 824 1935 Bisuntino
850 1902 950 1939 electi,
976 1902 1038 1935 782
1064 1903 1090 1936 b.

269 1953 379 1988 Didaci
405 1954 465 1997 (S.)
490 1954 652 1998 provincia
676 1956 708 1988 in
731 1955 836 1988 Betica
861 1955 987 1989 Ordinis
1011 1956 1043 1989 S.
1071 1957 1246 1991 Francisci.
1274 1957 1450 1991 Concordia
1475 1968 1570 2002 snper
1594 1959 1809 1992 controversia

361 2007 538 2041 confinium
569 2008 652 2042 inter
676 2008 876 2051 provinciam
909 2008 940 2042 S.
975 2009 1083 2043 Didaci
1116 2011 1149 2043 in
1180 2011 1289 2045 Betica
1320 2017 1351 2045 et
1384 2011 1580 2055 provinciam
1614 2012 1646 2045 S.
1684 2012 1808 2045 loannis

358 2060 522 2104 Baptistae
546 2061 689 2095 eiusdem
714 2062 854 2104 Ordinis,
882 2062 945 2095 467
972 2063 999 2096 b.

269 2114 510 2148 Dissertinensis
533 2115 719 2148 monasterii
746 2115 845 2150 abbas
870 2117 1117 2151 controversiam
1143 2118 1182 2151 dc
1207 2118 1429 2153 iurisdictione
1455 2119 1618 2163 componit
1643 2130 1715 2153 cum
1747 2121 1809 2163 epi-

357 2177 456 2211 scopo
481 2167 640 2210 Curiensi,
668 2167 731 2201 523
755 2169 771 2200 b
796 2175 827 2202 et
850 2180 911 2212 seq.

268 2219 436 2255 Doctrinae
460 2221 656 2255 Christianae
681 2223 885 2267 congregatio
911 2223 942 2256 in
966 2223 1064 2257 Gallia
1088 2225 1158 2257 »vide
1183 2224 1404 2268 Congrcgatio.

268 2273 461 2308 Donationes
486 2274 684 2318 principatus
709 2275 878 2310 Masserani
905 2282 935 2310 et
960 2278 1198 2311 marchionatus
1224 2278 1401 2321 Crcpaeorii
1435 2278 1508 2311 Sedi
1533 2279 1732 2322 Apostolieae
1765 2281 1808 2312 sa-

359 2333 429 2361 ctae
446 2339 464 2361 a
481 2328 672 2371 quibusdam
699 2339 734 2362 ex
761 2329 879 2363 familia
904 2330 943 2363 de
968 2330 1084 2370 Fusco,
1104 2330 1166 2363 458
1186 2331 1202 2363 b
1223 2338 1253 2365 et
1275 2342 1350 2375 seqq
1376 2332 1408 2364 in
1434 2331 1536 2364 causis
1560 2332 1739 2365 habeantur
1760 2344 1807 2365 re-

359 2391 471 2414 cursus
495 2383 535 2415 ad
558 2382 711 2416 nuncium
735 2383 824 2417 Sedis
848 2384 1049 2427 Apostolieac
1075 2385 1159 2427 apud
1185 2384 1363 2417 Sabaudiae
1389 2385 1516 2425 (lucem,
1543 2384 1604 2417 586
1631 2385 1647 2416 b
1672 2391 1701 2417 et
1725 2396 1786 2429 seq.

268 2433 423 2468 Donativa
446 2435 612 2469 ordinaria
644 2436 731 2480 regni
762 2436 888 2470 Siciliae
913 2437 985 2470 anni
1015 2447 1144 2478 MDCLlV,
1170 2447 1285 2477 noem,
1313 2447 1469 2478 MDCLVIH,
1498 2447 1640 2479 iiDchn,
1669 2448 1805 2478 muctxv,

359 2498 417 2532 pro
442 2497 516 2532 rege
541 2488 710 2530 catholico,
739 2489 757 2522 7
782 2490 809 2522 b.

270 2541 459 2575 Dorivallius
485 2541 620 2575 Ioannes
643 2542 713 2575 vide
737 2543 872 2577 loannes
897 2543 1095 2577 Dorivallius.
