2243 3205
267 187 313 212 An.
333 186 362 214 C.
381 189 448 216 1659
493 180 557 213 480

292 354 433 375 Prooemium.

287 936 373 958 noum.

260 2558 296 2578 [Πί]

309 2531 442 2555 simplicant)

259 2559 435 2606 i¹r⁰viu3i⁸a⁸ti¹⁰n¹
457 2577 674 2621 subiungebat,
699 2581 879 2623 praemissis
904 2581 935 2612 in
959 2581 1096 2625 capitulo
1119 2592 1192 2625 pro-

433 2563 442 2577 θ

657 238 826 266 Alexander
845 239 924 273 Papa
944 240 1006 272 vn,

605 282 640 308 ad
662 282 793 310 futuram
813 283 858 310 rei
877 284 1055 312 memoriam.

507 343 703 376 Sacrosancti
728 345 920 388 apostolatus
938 346 1074 379 officium
1100 346 1199 379 humi-

462 396 540 428 litati
566 401 691 430 nostrae
716 407 772 440 per
790 397 978 431 ineffabilem
1004 399 1125 432 divinae
1151 399 1201 432 bo-

461 449 566 482 nitatis
597 449 820 482 abundantiam
848 451 1030 495 impositum
1055 453 1199 496 postulat,

461 506 505 542 ut,
529 507 691 545 paternam
717 503 978 547 christifidelium,
997 505 1048 549 qui
1067 515 1082 537 e
1100 505 1200 537 ssucti-

460 554 518 587 bus
542 556 639 588 seculi
665 556 695 588 in
712 562 839 601 portum
862 559 1016 601 regularis
1038 558 1115 591 vitae
1132 568 1201 591 con-

460 607 619 651 fugerunt,
644 620 750 642 curam
783 617 937 654 gerentes,
968 622 1076 644 corum
1109 611 1199 643 statui

461 666 490 694 et
515 662 595 695 felici
621 662 785 697 directioni
818 664 1003 708 opportunis
1028 663 1201 697 rationibus

461 715 624 749 consulere
649 716 838 758 studeamus,
863 723 957 762 prout
981 717 1031 760 pia
1051 716 1200 750 orthodo-

459 778 571 801 xorum
593 779 704 812 regum
723 774 794 804 vota
811 776 992 814 exposcunt,
1009 774 1037 804 et
1054 780 1120 812 nos,
1141 781 1201 803 ma-

460 822 530 853 tura
556 821 804 855 consideratione
836 823 964 866 previa,
990 823 1199 867 conspicimus

460 873 492 906 in
516 873 648 907 Domino
673 875 840 909 salubriter
865 876 1022 920 expedire.

505 927 520 971 §
544 927 574 960 1.
599 928 705 972 Nuper
741 929 894 972 siquidem
924 940 984 974 pro
1009 929 1199 974 parte-{dile-

460 984 582 1013 ctorum
609 980 746 1014 filiorum
777 982 908 1015 fratrum
934 982 1197 1016 Discalceatorum

459 1032 641 1076 provinciae
672 1033 701 1067 S.
727 1034 850 1068 Ioannis
882 1035 1039 1079 Baptistae
1075 1035 1198 1069 Ordinis

459 1085 591 1118 fratrum
616 1086 771 1120 Minorum
791 1088 889 1120 sancti
906 1088 1063 1121 Francisci
1087 1087 1124 1121 de
1141 1088 1197 1121 Ob—

458 1139 614 1172 servantia
637 1146 889 1185 nuncupatorum
915 1141 1005 1177 nobis
1023 1141 1196 1185 expositum

457 1191 524 1232 fuit,
550 1192 635 1236 quod
653 1193 760 1226 eadem
777 1194 949 1238 provincia,
972 1195 1079 1237 vigore
1105 1194 1198 1227 facul-

458 1245 528 1277 tatis
553 1246 737 1279 aedificandi
766 1258 820 1280 seu
849 1247 1029 1281 instituendi
1061 1258 1196 1280 conven-

458 1303 507 1331 tus
542 1309 597 1332 seu
629 1300 740 1334 domos
776 1301 937 1344 regulares
969 1301 1000 1334 in
1035 1301 1196 1345 quibusvis

457 1351 624 1396 Hispaniae
647 1353 724 1386 locis
741 1353 767 1386 ci
785 1364 841 1397 per
858 1353 1008 1397 quasdam
1030 1354 1127 1387 felicis
1150 1365 1196 1387 re-

457 1404 647 1439 cordationis
670 1406 837 1440 Clementis
862 1406 962 1450 Papae
979 1407 1044 1440 VIII
1068 1407 1195 1451 praede-

458 1459 591 1492 cessoris
615 1460 714 1492 nostri
732 1460 763 1492 in
780 1460 872 1492 simili
898 1460 998 1493 forma
1024 1460 1131 1493 Brevis
1152 1460 1197 1492 lit-

456 1518 538 1546 teras
563 1524 739 1555 concessae,
757 1514 798 1546 ita
816 1514 1033 1557 (benedicente
1049 1514 1195 1557 Domino)

456 1567 582 1601 dilatata
605 1578 688 1600 nunc
714 1568 885 1612 reperitur,
914 1572 947 1602 ut
971 1568 1002 1600 in
1028 1568 1195 1610 Valenfiae,

456 1621 592 1654 Murciae
625 1627 655 1655 et
678 1622 830 1656 Granatae
859 1622 986 1666 regnis,
1018 1623 1049 1654 in
1080 1623 1195 1666 quibus

456 1674 607 1716 consistit,
633 1675 814 1718 trigintascx
839 1675 921 1708 illius
946 1681 1117 1709 conventus
1141 1686 1195 1708 nu-

456 1734 634 1769 merentur,
660 1729 689 1761 in
714 1729 828 1772 quibus
853 1729 983 1772 singulis
1008 1729 1119 1762 fratres
1144 1740 1195 1762 no-

457 1781 541 1814 tabili
555 1792 688 1814 numero
700 1782 849 1815 habitant.
866 1782 922 1821 Oui
941 1787 1110 1816 conventus
1124 1793 1192 1815 cum

455 1845 512 1879 per
541 1834 676 1879 spatium
710 1840 924 1868 trecentorum
957 1836 1137 1868 milliarium
1163 1836 1194 1868 in

456 1888 695 1930 longitudinem,
713 1893 741 1921 et
766 1893 891 1921 centum
917 1889 1143 1932 quinquaginta
1163 1889 1193 1921 in

456 1940 651 1973 latitudinem
687 1941 819 1985 dispersi
856 1942 1011 1983 existant,
1043 1942 1194 1975 ministris

455 1994 700 2038 provincialibus
724 1995 905 2039 provinciae
928 1995 1109 2029 huiusmodi
1135 2007 1193 2040 pro

457 2052 599 2091 tempore
624 2048 836 2089 existentibus,
857 2048 881 2080 si
900 2058 962 2081 non
988 2049 1193 2093 impossibile,

456 2101 565 2133 saltem
589 2101 807 2134 difficillimum
833 2101 974 2134 redditur
998 2102 1096 2145 ipsam
1118 2113 1193 2146 pro-

457 2153 587 2186 vinciam
614 2154 748 2198 pedibus
781 2157 875 2188 totam
907 2155 1073 2198 quotannis
1096 2165 1190 2198 pera-

456 2217 549 2250 grare
573 2212 603 2239 et
627 2207 771 2247 visitare,
800 2207 878 2240 sicut
902 2218 958 2250 per
982 2211 1093 2242 statuta
1119 2208 1192 2241 dicti

456 2259 580 2293 Ordinis
597 2260 834 2304 praescribitur,
847 2271 905 2293 nec
922 2260 991 2304 ipsi,
1009 2263 1127 2293 attenta
1144 2261 1193 2293 iti-

456 2313 539 2347 neris
564 2313 778 2357 longitudine,
805 2324 871 2346 eam
904 2314 935 2346 in
961 2314 1091 2357 singulis
1117 2325 1192 2348 con-

457 2366 598 2399 ventibus
618 2367 765 2411 praefatis
791 2378 911 2401 moram
937 2368 1061 2401 trahere
1093 2369 1210 2401 valent

456 2430 550 2463 quam
575 2420 746 2464 spiritualis
774 2421 994 2464 religiosorum
1020 2422 1192 2455 consolatio

457 2472 561 2515 exigit.

501 2526 516 2568 ᾗ
532 2526 561 2558 02.
579 2527 654 2559 Cum
673 2532 787 2566 autem,
805 2527 884 2560 sicut
904 2528 1013 2561 eadem
1038 2528 1193 2571 expositio

1041 193 1216 217 BULLAltlUM
1243 192 1395 217 ROMANUM

1236 240 1357 273 vinciali
1390 240 1489 273 dictae
1519 241 1698 284 provinciae
1731 241 1861 284 provide
1892 251 1972 285 per-

1236 294 1356 337 pensiS,
1381 294 1502 334 fratres,
1521 293 1573 338 qui
1593 293 1692 326 eidem
1719 294 1854 338 capitulo
1880 294 1972 328 inter·

1236 346 1377 388 fuerunt,
1408 346 1738 379 omnes'unanimiter
1774 346 1971 380 decreverint

1235 399 1324 432 nobis
1342 409 1409 432 esse
1429 399 1681 443 supplicandum,
1700 404 1733 432 ut
1753 399 1908 432 licentiam
1930 399 1972 432 di-

1235 451 1357 484 videndi
1372 452 1563 496 provinciam
1578 451 1767 496 praedictam
1785 451 1971 485 concedere-

1236 515 1314 546 mus,
1332 505 1452 548 hocque
1473 504 1632 538 decretum
1658 515 1720 538 non
1746 505 1845 537 solum
1864 515 1881 537 a
1899 510 1972 538 tunc

1235 558 1383 591 existente
1408 558 1532 592 Ordinis
1563 558 1712 602 praedicti
1745 558 1888 591 ministro
1919 568 1972 601 ge-

1234 611 1342 651 nerali,
1359 611 1411 654 qui
1433 612 1568 655 capitulo
1586 611 1767 655 provinciali
1791 610 1971 644 huiusmodi

1235 664 1401 707 praesedit,
1419 665 1637 708 approbatum,
1655 665 1708 698 sed
1733 665 1825 697 etiam
1850 674 1867 696 a
1892 664 1972 707 capi-

1235 717 1299 750 tulo
1324 718 1462 760 generali
1488 718 1626 750 eiusdem
1644 717 1768 751 Ordinis
1792 717 1823 749 in
1848 717 1971 750 civitate

1234 770 1381 803 Toletana
1398 770 1566 803 novissime
1580 770 1736 804 celebrato
1750 770 1969 804 confirmatum

1234 821 1344 856 fuerit:
1373 823 1464 856 nobis
1481 829 1647 867 propterea
1667 829 1727 855 tam
1746 822 1921 867 charissimi
1940 823 1971 855 in

1234 874 1355 907 Christo
1380 875 1434 907 filii
1460 876 1556 909 nostri
1588 876 1724 920 Philippi
1749 875 1969 919 Hispaniarum

1234 927 1316 970 regis
1340 928 1483 962 catholici
1508 929 1635 962 nomine
1663 939 1755 973 quam
1792 938 1851 972 pro
1883 932 1971 972 parte

1233 980 1388 1014 dictorum
1414 982 1634 1026 exponentium
1666 981 1827 1014 humiliter
1851 981 1970 1025 suppli-

1233 1039 1334 1066 catum
1359 1035 1437 1075 fuit,
1463 1040 1495 1067 ut
1519 1034 1548 1067 in
1581 1034 1761 1078 praemissis
1793 1038 1970 1078 opportune

1231 1086 1397 1129 providere
1414 1087 1450 1119 de
1468 1087 1659 1131 benignitate
1675 1087 1845 1131 apostolica
1864 1086 1970 1130 digna-

1232 1150 1347 1173 remur.

1275 1193 1289 1236 ἓ
1313 1192 1342 1226 3.
1367 1193 1429 1226 Nos
1455 1193 1559 1236 igitur,
1585 1193 1723 1226 eiusdem
1757 1192 1893 1237 Philippi
1919 1203 1970 1226 re-

1231 1246 1278 1289 gis
1301 1246 1468 1287 desiderio,
1486 1252 1635 1290 quantum
1655 1257 1726 1279 cum
1747 1246 1880 1280 Domino
1900 1257 1968 1290 pos-

1231 1309 1347 1342 sumus,
1373 1299 1585 1333 favorabiliter
1615 1310 1752 1332 annuere
1786 1299 1968 1343 cupientes,

1230 1353 1448 1396 praefatosque
1466 1358 1657 1397 exponentes
1682 1353 1868 1396 specialibus
1887 1353 1969 1386 favo·

1230 1405 1318 1438 ribus
1336 1410 1365 1439 et
1381 1406 1490 1448 gratiis
1506 1406 1655 1449 prosequi
1680 1406 1826 1446 volentes,
1841 1409 1871 1439 et
1886 1405 1968 1449 ipso-

1230 1469 1300 1491 rum
1331 1459 1552 1503 exponentium
1579 1460 1753 1502 singulares
1774 1469 1926 1503 personas
1950 1469 1968 1492 a

1229 1512 1389 1556 quibusvis
1414 1513 1763 1554 excommunicationis,
1788 1513 1967 1557 suspensio-

1229 1566 1286 1607 nis,
1305 1571 1373 1607 etc.‚
1398 1566 1510 1599 harum
1536 1567 1616 1598 serie
1641 1567 1846 1607 absolventes,
1864 1571 1894 1599 et
1917 1566 1968 1599 ab·

1230 1620 1345 1652 solutas
1371 1620 1436 1653 fore
1461 1625 1631 1660 censentes,
1658 1619 1837 1653 huiusmodi
1862 1619 1920 1663 piis
1937 1626 1967 1653 et

1230 1673 1469 1706 rationabilibus
1501 1673 1780 1717 supplicationibus
1805 1673 1966 1714 inclinati,

1229 1727 1352 1759 attentis
1377 1727 1535 1770 expositis,
1552 1736 1673 1760 necnon
1690 1726 1782 1759 etiam
1800 1726 1906 1759 audito
1924 1726 1966 1759 di-

1228 1780 1307 1813 lecto
1332 1780 1396 1813 silio
1422 1780 1565 1813 ministro
1596 1779 1734 1822 generali
1759 1779 1882 1812 Ordinis
1907 1780 1965 1812 hu-

1228 1833 1372 1874 iusmodi,
1396 1838 1599 1866 memoratam
1618 1832 1812 1877 provinciam
1830 1832 1859 1866 S.
1877 1833 1966 1867 loane

1228 1887 1274 1919 nis
1293 1886 1448 1930 Baptistae
1465 1887 1595 1919 fratrum
1611 1886 1873 1920 Discalceatorum
1890 1897 1966 1919 nun-

1228 1945 1411 1983 cupatorum
1428 1939 1579 1983 praedicti
1591 1939 1715 1973 Ordinis
1725 1939 1879 1973 Minorum
1895 1949 1964 1972 san-

1228 1993 1267 2026 eti
1296 1993 1453 2026 Francisci
1489 1993 1526 2025 de
1558 1993 1760 2026 Observantia
1793 1993 1823 2024 in
1859 1993 1965 2036 regnis

1228 2046 1394 2086 Valentiae,
1415 2046 1551 2079 Murciae
1576 2051 1606 2079 et
1622 2046 1774 2080 Granatae
1799 2046 1965 2079 consisten-

1228 2105 1301 2141 tem,
1326 2100 1400 2133 olim
1424 2100 1594 2144 apostolica
1619 2100 1803 2133 auctoritate
1827 2103 1963 2133 erectam

1227 2158 1257 2185 et
1280 2153 1462 2193 institutam,
1480 2163 1559 2196 quae
1577 2153 1607 2185 in
1625 2157 1742 2185 tantum
1762 2152 1962 2197 postmodum

1227 2208 1303 2251 (Deo
1328 2207 1465 2251 favente)
1491 2217 1523 2240 se
1546 2206 1685 2240 dilatavit
1708 2211 1737 2239 et
1761 2206 1905 2249 excrevit,
1930 2210 1964 2239 ut

1227 2261 1406 2303 trigintasex
1432 2260 1493 2292 iam
1520 2265 1690 2293 conventus
1711 2270 1764 2292 seu
1789 2259 1899 2292 domos
1918 2269 1964 2292 re-

1226 2314 1351 2357 gulares
1376 2324 1446 2347 cum
1472 2313 1660 2357 competenti
1681 2323 1813 2346 numero
1831 2313 1962 2345 fratrum

1226 2367 1483 2411 comprehendat,
1500 2377 1535 2400 ac
1554 2366 1685 2410 proinde
1706 2365 1900 2409 impossihile
1924 2366 1963 2399 sit

1226 2431 1283 2465 per
1301 2431 1396 2453 unum
1413 2419 1628 2454 tantummodo
1643 2419 1818 2452 ministrum
1840 2418 1962 2462 provin-

1226 2474 1347 2515 cialem,
1379 2478 1509 2517 propter
1534 2473 1659 2515 longam
1684 2472 1871 2513 distantiam,
1893 2481 1960 2504 eam

1225 2527 1391 2571 quotannis
1404 2526 1442 2559 ad
1460 2526 1689 2570 praescriptum
1706 2525 1959 2558 constitutionum

1226 2586 1256 2614 et
1279 2585 1464 2614 statutorum
1491 2579 1613 2613 Ordinis
1638 2578 1787 2623 praedicti
1813 2577 1948 2618 visitari;

1982 193 2030 218 An.
2052 194 2081 220 C.
2103 193 2168 221 ¹659
