2243 3205
64 215 112 241 An.
131 211 159 237 C.
178 210 246 237 1656

86 1341 126 1362 nat
144 1341 231 1362 faculta-

0 1375 1 1391 ς
53 1370 91 1390 tem
134 1369 232 1390 reconci-

53 1395 114 1418 tiandi
138 1395 230 1417 haereti-

52 1427 93 1446 eon.
106 1423 146 1443 otc.

851 204 1038 231 ALEXANDER
1064 205 1108 230 rit
1130 206 1179 230 PF.

258 261 319 296 tur,
338 255 433 289 ceteri
450 265 535 298 vero,
553 255 584 288 in
601 255 675 288 vera
695 260 724 288 et
745 253 827 288 avita
845 252 998 296 religione

258 319 293 342 ac
316 309 423 341 nostra
447 313 477 341 et
501 307 588 341 Sedis
605 307 803 352 Apostolicae
820 306 998 340 obedientia

258 366 444 404 constantes,
463 367 626 405 paternam
655 366 685 394 et
704 360 835 395 uberem
856 364 996 393 nostram

257 426 292 449 ac
309 415 449 448 eiusdem
467 415 554 449 Sedis
570 415 794 458 benignitatem
815 414 930 457 iugiter
946 424 996 446 ex-
1014 450 1015 457 ἵ

254 468 434 513 periantur,
462 469 694 503 considerantes
718 474 913 512 quantopere
938 467 995 501 sso-

255 525 359 556 rentes
382 532 484 566 nuper
508 522 598 565 regni
622 521 710 556 istius
731 532 807 565 opes
825 521 946 553 funesto
967 525 996 553 et

255 575 425 609 miserabili
448 575 532 608 bello
557 574 636 608 sint¹
662 575 792 617 accisae,
819 573 996 618 quamque⁹

253 628 386 673 proinde
403 627 538 661 difficilis
556 634 586 661 et
603 628 823 672 dispendiosus
840 628 919 661 soret
936 627 995 661 hoc

254 687 396 725 tempore
419 680 458 714 ad
482 691 539 714 nos
560 686 589 714 et
604 680 778 714 Romanam
804 681 924 714 curiam
948 681 995 713 in-

253 734 394 768 colarum
417 734 556 768 eiusdem
583 734 673 777 regni
698 735 730 767 in
755 734 862 767 multis
884 744 994 767 eorum

251 787 489 821 necessitatibus
503 787 719 831 spiritualibus
733 791 880 831 prompto
896 798 994 820 reme-

252 840 303 875 dio
328 840 540 884 indigentibus
572 850 737 881 recursus,
766 840 993 874 fraternitatem

252 900 336 928 tuam
357 894 565 939 amplioribus
579 893 778 928 facultatibus
795 893 993 927 communire

251 947 459 988 decrevimus,
479 952 514 980 ut
538 947 598 980 illis
622 947 768 980 suffultus
793 950 992 981 recurrentes

250 1000 288 1034 ad
318 1006 346 1034 te
374 1001 407 1034 in
432 1000 526 1034 variis
551 1000 674 1034 casibus
697 1000 748 1045 pie
771 1000 939 1041 consolari,
957 1010 992 1033 ac

250 1055 424 1089 haereticos
441 1060 471 1088 et
488 1054 715 1096 schismaticos,
732 1054 873 1098 aliosque
891 1054 929 1087 ab
947 1064 992 1087 er·
1008 1081 1010 1087 ,

248 1108 374 1142 roribus
395 1107 616 1152 resipiscentes
633 1108 814 1142 humaniter
834 1107 990 1151 excipere,

248 1161 356 1205 eisque
373 1161 492 1205 gratiae
505 1166 535 1194 et
546 1162 654 1195 salutis
670 1161 750 1194 viam
764 1161 899 1206 aperire,
915 1171 990 1194 cun-

248 1216 368 1260 ctisque
400 1216 535 1260 denique
568 1222 596 1250 te
629 1217 737 1250 utilem
763 1221 793 1250 et
815 1215 989 1259 benignum

248 1275 408 1313 praestare
432 1269 543 1302 valeas.

291 1323 306 1366 ἓ
330 1322 359 1355 ⁶2.
385 1322 469 1357 Motu
494 1324 597 1366 itaque
622 1323 763 1367 proprio,
784 1334 819 1356 ac
844 1332 880 1355 ex
903 1324 989 1356 certa

247 1376 375 1410 scientia
398 1377 528 1417 nostra,
553 1382 678 1420 praeter
710 1382 740 1410 et
772 1376 854 1409 ultra
889 1386 984 1420 quas-

247 1441 383 1474 cumque
419 1429 494 1463 alias
530 1430 692 1463 facultates
728 1430 783 1463 tibi
816 1430 987 1474 apostolica

246 1484 431 1518 auctoritate
469 1494 656 1525 concessas,
692 1494 827 1527 quarum
864 1488 987 1518 tenores

244 1537 464 1583 praesentibus
484 1537 594 1571 haberi
617 1538 760 1571 volumus
780 1548 841 1581 pro
861 1548 986 1582 expres-
1003 1551 1005 1559 ¹

245 1591 296 1632 sis,
322 1591 396 1633 tibi,
427 1596 459 1624 ut
484 1590 521 1624 ad
547 1591 716 1624 triennium
741 1591 932 1634 proximum,
958 1597 986 1625 et

245 1645 372 1678 interim
399 1645 529 1678 durante
554 1646 608 1677 tua
633 1644 700 1678 istic
720 1644 875 1688 legatione
900 1644 986 1678 dum-

243 2130 330 2170 ticos‚
345 2129 561 2163 schismaticos
574 2132 603 2162 et
616 2133 782 2172 apostatas,
797 2133 889 2172 atque
905 2129 983 2162 alios

242 2195 258 2217 a
283 2183 342 2216 side
368 2183 522 2217 catholica
547 2188 576 2215 et
596 2182 765 2216 christiana
790 2182 982 2224 aberrantes,

243 2238 433 2281 illorumque
458 2236 630 2276 credentes,
651 2246 706 2269 seu
726 2236 915 2278 defensores,
938 2247 982 2269 re-

242 2297 416 2336 ceptatores
447 2296 476 2322 et
502 2290 658 2330 l'autores,
688 2290 739 2333 qui
774 2290 899 2323 illorum
926 2303 1000 2329 er-,

240 2345 366 2379 roribus
391 2344 609 2385 adhaeserunt,
635 2343 828 2387 poenitentes
854 2344 980 2387 quidem

241 2399 317 2442 (non
336 2403 439 2431 tamen
457 2397 558 2437 Italos,
573 2397 619 2429 vel
638 2397 802 2440 Hispanos,
821 2402 873 2429 aut
893 2397 980 2440 alios,

240 2452 321 2496 apud
339 2462 418 2495 quos
436 2451 518 2493 viget
542 2455 682 2484 sanctum
709 2450 919 2493 inquisitionis
937 2451 980 2483 ot'-

274 2534 286 2560 1
301 2533 421 2560 Pessime
433 2532 496 2559 edit,
508 2531 586 2559 Main.
599 2531 662 2567 legit
673 2532 751 2559 sinae
763 2539 810 2566 pro
821 2532 879 2560 sin!
888 2534 979 2566 (iisd.

274 2578 290 2605 2
309 2578 375 2606 Male
396 2577 478 2605 etiam
494 2577 556 2611 legit
576 2584 752 2611 quamquam
772 2584 820 2611 pro
836 2585 980 2611 ‹ptamquc

239 2626 278 2652 (ft.
296 2631 305 2649 ἰ
317 2624 335 2651 Δ)

322 2675 399 2704 fluct.
420 2675 504 2704 Rom.
525 2689 559 2694 —
582 2674 640 2704 Vol.
661 2674 737 2702 XVI.
882 2674 916 2702 39

1031 253 1163 297 ficium)
1195 253 1234 286 ab
1260 254 1592 288 excommunicationis
1608 281 1615 294 ‚
1636 264 1771 298 suspen-

1032 306 1128 340 sionis
1154 311 1183 339 et
1209 307 1367 340 interdicti
1394 308 1525 352 aliisque
1554 308 1774 341 ecclesiasticis

1032 359 1204 400 sententiis,
1230 360 1372 393 censuris
1398 367 1426 393 et
1451 361 1570 404 poenis,
1599 371 1675 405 quas
1700 372 1775 405 pro-

1031 417 1100 456 pter
1124 413 1271 446 haereses
1296 418 1326 445 et
1350 423 1496 447 excessus
1520 414 1700 448 huiusmodi
1728 426 1775 448 us-

1031 476 1092 510 que
1112 465 1150 498 ad
1171 466 1252 498 diem
1275 477 1336 509 quo
1357 472 1539 510 praesentes
1556 473 1679 501 nostras
1696 468 1773 501 litte-

1030 530 1080 553 ras
1105 520 1274 563 receperis,
1300 520 1538 563 quomodolibet
1564 521 1772 563 incurrerint,

1029 572 1202 606 dummodo
1227 572 1259 605 in
1282 573 1429 606 haereses
1454 578 1483 608 et
1508 583 1633 607 errores
1657 575 1773 619 relapsi

1029 636 1091 659 non
1117 626 1232 659 fuerint
1250 626 1301 669 (de
1319 627 1435 670 quibus
1462 632 1565 660 tamen
1581 628 1677 661 Sedes
1694 629 1773 672 Apo-

1029 679 1137 712 stolica
1163 680 1375 723 consulatur),
1402 685 1432 713 et
1456 680 1551 714 corde
1576 682 1710 723 sincero,
1736 692 1772 716 ac

1029 732 1090 766 fide
1115 743 1177 766 non
1201 733 1274 767 ficta
1306 734 1473 774 haereses,
1503 735 1641 768 schisma
1665 740 1694 768 et
1715 746 1767 768 er-

1028 796 1117 820 rores
1141 797 1214 820 suos
1239 797 1345 820 coram
1372 792 1410 829 te,
1440 798 1495 820 seu
1520 798 1536 820 a
1561 793 1600 828 te,
1633 794 1667 820 ut
1691 788 1772 821 infra

1027 839 1159 881 dicetur,
1185 840 1443 883 subdelegandis,
1470 853 1505 874 ac
1529 842 1652 874 notario
1678 847 1706 874 et
1732 847 1771 875 te-

1028 893 1136 935 stibus,
1162 893 1286 937 publice
1318 894 1364 927 rel
1390 894 1537 938 privatim
1561 900 1656 938 prout
1680 905 1770 928 casus

1027 946 1166 989 exegerit
1199 957 1235 980 ac
1267 947 1322 980 tibi
1355 953 1385 981 et
1417 947 1660 991 subdelegandis
1692 958 1709 980 a
1741 953 1769 981 te

1026 999 1200 1043 respective
1224 1000 1326 1034 visum
1351 1001 1455 1044 fuerit,
1476 1001 1619 1034 detestati
1644 1001 1768 1041 fuerint,

1026 1053 1357 1088 anathematizaverint
1381 1060 1410 1088 et
1436 1054 1660 1095 abiurarerint,
1679 1065 1714 1088 ac
1737 1054 1769 1087 in

1026 1106 1181 1149 gremium
1207 1112 1331 1140 sanctae
1356 1107 1463 1141 Matris
1487 1107 1645 1141 Ecclesiae
1669 1107 1768 1151 recipi

1025 1164 1055 1192 et
1077 1158 1198 1193 admitti
1222 1160 1385 1194 humiliter
1408 1161 1645 1205 postulaverint,
1663 1165 1766 1205 atque,

1023 1213 1175 1257 praestito
1199 1224 1256 1258 per
1280 1225 1334 1248 eos
1359 1215 1538 1258 iurerando,
1563 1214 1768 1259 promiserint

1024 1266 1061 1299 de
1087 1272 1191 1300 cetero
1217 1267 1255 1300 ab
1280 1267 1462 1301 huiusmodi
1488 1268 1667 1310 erroribus,
1693 1268 1766 1301 hac-

1024 1320 1156 1362 resibus⁷
1177 1321 1355 1362 schismate,
1377 1323 1550 1366 apostasia,
1572 1321 1703 1366 aliisque
1724 1322 1766 1355 si-

1005 1374 1150 1407 *milibus
1176 1375 1356 1409 excessibus
1378 1375 1502 1419 penitus
1528 1375 1695 1415 abstinere,
1723 1375 1767 1407 in-

1023 1428 1127 1462 iuncta
1153 1428 1224 1461 inde
1250 1428 1293 1461 eis
1318 1439 1429 1462 eorum
1451 1429 1578 1462 cuilibet
1595 1440 1652 1473 pro
1670 1429 1765 1462 modo

1022 1481 1133 1525 culpae
1158 1482 1350 1526 poenitentia
1375 1482 1513 1523 salutari,
1532 1488 1562 1516 et
1578 1482 1648 1515 aliis
1665 1482 1765 1515 iniun-

1021 1536 1141 1578 gennis,
1166 1541 1261 1580 prout
1285 1547 1396 1570 eorum
1421 1537 1512 1570 saluti
1539 1537 1687 1580 expedire
1712 1548 1762 1570 co-

1021 1589 1189 1632 gnoveris,
1215 1590 1246 1622 in
1279 1596 1412 1634 utroque
1444 1591 1511 1624 soro
1547 1590 1709 1624 absolvere
1734 1596 1761 1623 et

1021 1643 1178 1684 liberare,
1203 1654 1238 1677 ac
1264 1644 1295 1676 in
1320 1643 1477 1687 gremium
1503 1649 1627 1677 sanctae
1653 1644 1762 1677 matris

245 1706 337 1740 taxat,
354 1709 463 1733 omnes
481 1705 510 1732 et
528 1709 745 1743 quoscumque
770 1700 800 1731 in
825 1709 935 1742 regno,
950 1710 986 1733 ac
1002 1694 1004 1731 i
1020 1696 1177 1730 Ecclesiae
1209 1697 1349 1740 recipere
1375 1702 1404 1730 et
1429 1697 1649 1735 reconciliare;

244 1764 359 1796 magno
391 1753 526 1795 ducatu,
551 1753 681 1797 aliisque
713 1753 905 1796 provinciis,
930 1742 1004 1787 seu³

243 1806 466 1852 palatinatibus
492 1806 661 1850 praedictis
685 1811 782 1847 ortos,
806 1817 861 1839 seu
885 1807 915 1839 in
941 1807 1003 1843 eis.

243 1861 413 1904 degentes,
442 1860 490 1894 rel
516 1860 608 1893 ctiam
633 1871 670 1893 ex
695 1860 762 1893 aliis
787 1861 927 1904 partibus
956 1867 984 1894 et
1001 1867 1003 1904 ᾗ
1019 1868 1128 1890 omnes
1157 1863 1186 1891 ct
1212 1858 1352 1901 singulos
1377 1858 1415 1891 de
1440 1869 1549 1902 regno,
1575 1858 1700 1897 ducatu,
1726 1869 1761 1890 ae

245 1915 332 1956 locis,
350 1915 381 1947 in
399 1914 512 1959 quibus
531 1914 676 1947 haereses
694 1913 822 1958 impune
842 1925 984 1958 grassan-
1001 1955 1002 1965 ἵ

243 1975 303 2013 tur,
322 1969 360 2002 ad
385 1974 414 2002 te
433 1973 543 2012 sponte
569 1968 726 2001 venientes
752 1968 916 2012 utriusque
941 1979 1002 2012 seg

243 2034 310 2065 xus,
329 2033 364 2056 ac
382 2027 445 2055 tam
468 2021 575 2062 laicos,
594 2032 686 2065 quam
713 2021 845 2055 clericos
865 2023 983 2055 secula-
1000 2033 1002 2053 t

243 2087 293 2110 res
310 2082 340 2109 et
364 2075 500 2109 cuiusvis
525 2075 650 2109 Ordinis
675 2075 847 2118 regulares,
873 2075 1001 2119 haere-¹

1065 1752 1079 1794 g
1096 1750 1124 1783 :3
1144 1751 1319 1792 Praeterea,
1334 1757 1365 1783 ut
1384 1751 1422 1784 ad
1439 1751 1521 1784 idem
1538 1751 1719 1790 triennium,
1733 1756 1762 1783 et

1020 1803 1144 1837 interim
1171 1806 1224 1837 tua
1245 1804 1402 1847 legatione
1431 1805 1589 1838 dumtaxat
1618 1805 1761 1845 durante,

1018 1910 1189 1955 provinciis
1204 1917 1231 1944 ct
1249 1912 1470 1955 palatinatilius
1484 1911 1660 1955 praedictis,
1675 1922 1709 1944 ac
1724 1922 1761 1944 cx

1019 1965 1170 2009 partibus,
1186 1965 1239 1998 uhi
1260 1966 1428 1999 infidelitas
1442 1967 1489 1999 vel
1509 1965 1648 1999 haeresis
1662 1966 1761 2008 inipu-

1018 2029 1056 2052 ne
1081 2024 1252 2061 grassatur,
1271 2019 1435 2062 utriusque
1454 2029 1545 2051 sexus
1563 2019 1759 2057 christianos,

1018 2072 1110 2105 etiam
1130 2073 1339 2116 presbyteros,
1359 2073 1525 2116 episcopos
1540 2077 1569 2104 ct
1583 2072 1659 2105 alios
1675 2082 1760 2115 prae-

1018 2127 1105 2168 latos,
1132 2127 1169 2158 ad
1194 2132 1223 2159 te
1249 2126 1417 2167 venientes,
1442 2126 1618 2168 sortilegos,
1640 2135 1758 2168 magos,

1017 2181 1226 2214 incantatores
1241 2185 1270 2213 ct
1295 2180 1555 2220 necromanfficos,
1578 2179 1759 2221 sacrilegos,

1017 2239 1171 2277 raptores,
1184 2233 1403 2273 incendiarios,
1420 2233 1575 2277 periuros,
1590 2233 1758 2273 adulteros,

1017 2288 1200 2327 homicidas,
1227 2287 1442 2329 fornicatores,
1464 2287 1705 2320 concubinarios
1730 2292 1761 2318 et

1016 2342 1231 2380 incestuosos,
1263 2341 1467 2381 simoniacos,
1501 2340 1704 2373 ecclesiarum
1730 2346 1760 2372 ct

1017 2395 1279 2429 monasteriorum
1299 2400 1514 2438 occupatores,
1529 2395 1699 2433 invasores,
1714 2404 1759 2426 ec-

1015 2449 1206 2483 clesiasticae
1231 2449 1382 2481 libertatis
1408 2453 1435 2480 ct
1461 2447 1666 2480 immunitatis
1693 2448 1758 2481 rio-

1016 2505 1129 2536 latores
1155 2509 1183 2535 et
1206 2512 1426 2546 oppressores,
1452 2501 1591 2545 aliosque
1617 2506 1757 2545 pcccato-

1014 2569 1063 2590 res
1079 2564 1107 2589 ct
1124 2557 1342 2599 delinquentes
1360 2565 1586 2599 quoscumque,
1604 2555 1641 2587 ab
1659 2556 1757 2588 omni-

1013 2612 1070 2645 bus
1096 2622 1151 2655 per
1176 2621 1229 2644 cos
1263 2620 1359 2653 usque
1391 2609 1429 2642 ad
1461 2609 1543 2642 diem
1572 2620 1634 2653 quo
1658 2619 1752 2653 prac-

1676 196 1741 230 301>
1789 207 1837 231 An.
1855 207 1882 232 e.
1908 206 1972 234 1⁶57

1817 1756 1868 1777 hein
1890 1756 1962 1777 absol-

1779 1784 1846 1805 rendi.
