2185 3188
21 2309 23 2384 1

22 2461 24 2484 t
53 2456 66 2478 d

45 189 93 214 An.
114 187 140 213 C.
161 186 226 213 ¹656

240 232 323 277 quod
341 243 452 265 eorum
477 232 615 265 animum
635 243 761 266 movere
789 241 851 265 non
872 231 978 276 possit,

239 297 298 331 pro
322 286 423 330 gratia
442 287 489 320 vel
514 287 633 322 iustitia
658 287 844 327 obtinenda;

67 353 224 383 efficientiam
284 340 298 383 ἓ
318 339 347 372 4.
365 340 497 373 Demum
516 340 768 385 supradictarum
784 340 978 374 constitutio·
996 351 997 354 ’

43 382 224 435 ῗνῖἶιὲἐῖξῗΜῗοἘ
239 403 313 426 num
340 393 600 438 dispositionem,
626 404 775 427 censuras
809 399 838 426 et
862 404 979 438 poenas

44 433 224 482 ‘'Essssffiffiimi'?
238 455 300 479 non
319 446 440 480 censeri
459 447 590 480 abolitas
612 447 657 480 rel
673 446 808 479 sublatas
826 447 865 479 ob
883 447 980 480 scicn-

43 488 88 510 Μ’·
239 499 323 541 tiam,
349 500 529 544 patientiam
548 511 601 533 seu
620 500 817 533 tolerantiam
847 500 979 534 Romani

239 552 415 595 Pontificis,
442 564 499 597 per
524 563 757 597 quemcumque
788 553 881 585 etiam
911 553 979 586 lon-

238 605 359 649 gissimi
391 606 542 650 temporis
578 616 728 646 cursum,
758 605 816 638 nisi
853 605 979 650 speciali

238 659 364 692 licentia
385 659 432 692 vel
460 659 579 692 indulto
598 658 627 691 in
653 669 843 702 unoquoque
868 669 941 692 casu
963 669 980 691 a

240 712 372 755 singulis
390 711 531 756 partibus
550 712 579 744 in
605 711 730 756 scriptis
748 712 981 756 particulariter

240 765 411 799 obtinendo
421 765 537 798 suerint
550 776 696 809 expresse
707 765 867 807 remissae,
882 771 980 806 motu,

241 818 382 859 scientia,
395 818 631 858 deliberatione,
651 818 814 862 potestatis
845 818 980 863 plenitu-

240 872 311 905 dine
336 877 366 905 et
390 877 499 905 tenore
523 871 653 916 paribus
677 871 896 913 decernimus,
925 877 982 905 sta-

239 925 357 960 tuimus
381 930 412 958 et
435 925 643 959 declaramus.

284 979 505 1022 Praesatasque
530 978 780 1020 constitutiones,
807 989 842 1012 ac
869 990 981 1013 censu-

239 1043 290 1066 ras
315 1038 346 1066 et
369 1041 486 1077 poenas
512 1032 542 1065 in
559 1032 603 1065 eis
624 1037 796 1074 contentas,
817 1033 853 1066 ad
873 1043 982 1067 omnes

240 1092 270 1120 et
286 1086 427 1129 singulos
444 1096 534 1119 casus
559 1096 654 1130 supra
678 1096 854 1130 expressos
879 1092 983 1131 quate-

239 1150 299 1174 nus
323 1149 402 1183 opus
427 1139 475 1180 sit,
500 1139 699 1172 extendimus
729 1145 759 1172 et
783 1140 981 1184 ampliamus.

285 1194 300 1238 ξ
340 1193 368 1226 5.
406 1193 571 1225 Praeterea
606 1192 729 1225 easdem
768 1193 917 1226 Bonisacii
953 1200 983 1227 et

242 1247 386 1291 Gregorii
423 1246 702 1291 praedecessorum
744 1248 984 1281 constitutiones

240 1312 298 1347 per
311 1302 440 1335 alteram
462 1301 530 1345 piae
549 1301 720 1334 memoriae
741 1301 906 1336 Clementis
926 1302 984 1334 Pa-

242 1366 300 1401 pae
308 1356 372 1389 VllI
386 1355 639 1399 praedecessoris
649 1355 768 1399 pariter
782 1355 890 1397 nostri,
905 1367 984 1399 quae

242 1409 352 1453 incipit
375 1410 439 1443 Pro
453 1409 632 1449 commissa,
656 1419 737 1442 anno
759 1409 985 1443 lucarnationis

242 1463 423 1497 Dominicae
447 1471 597 1502 nncxcu,
623 1472 701 1496 xv111
726 1462 875 1495 kalendas
908 1474 981 1507 sep-

242 1516 375 1551 tembris
399 1514 542 1557 editam⁴,
560 1516 597 1548 ad
616 1522 736 1549 ceteras
757 1517 886 1550 ditionis
907 1522 984 1550 tem-

241 1570 359 1615 poralis
384 1570 413 1603 S.
439 1570 473 1603 R.
500 1570 532 1603 E.
559 1570 699 1603 civitates
724 1575 754 1603 et
778 1571 846 1604 loca
876 1570 983 1604 imme-

242 1623 324 1658 diate
348 1623 487 1656 subiecta
514 1623 749 1667 (praeterquam
775 1623 879 1667 quoad
904 1623 986 1657 bona

242 1677 519 1720 communitatum)
546 1676 674 1709 minime
705 1682 848 1710 extensas
881 1677 986 1718 fuisse,

241 1741 343 1776 neque
366 1741 421 1775 per
441 1731 522 1764 hanc
541 1735 681 1764 nostram
705 1730 844 1771 extendi;
859 1731 913 1764 sed
935 1742 987 1765 eos

242 1785 367 1830 quidem
400 1785 529 1818 omnino
555 1784 840 1828 comprehendere,
865 1785 929 1828 qui,
957 1785 987 1817 in

242 1838 311 1872 aliis
334 1838 412 1871 locis
437 1837 576 1871 eiusdem
603 1837 705 1870 Status
731 1837 940 1871 Ecclesiastici
959 1844 988 1871 et

243 1892 380 1927 cuiusvis
405 1892 534 1925 alterius
559 1891 656 1936 partis
677 1891 785 1924 mundi
809 1891 986 1934 existentes,

242 1945 442 1990 pollicentur,
466 1945 666 1989 promittunt,
692 1945 905 1988 paciscuntur,
921 1945 987 1978 mit-

243 2004 321 2042 tunt,
339 2000 387 2033 vel
404 1999 471 2032 dari
496 1999 625 2039 faciunt,
641 2009 698 2043 per
717 1999 846 2040 litteras,
862 2000 909 2032 vel
929 2010 988 2033 me-

243 2052 390 2093 diatores,
405 2053 452 2085 vel
465 2052 554 2086 aliter
564 2052 874 2096 quomodocumque,
888 2058 917 2086 et
933 2053 986 2097 qui

244 2106 282 2140 ab
300 2107 344 2140 eis
360 2106 526 2150 recipiunt,
541 2111 649 2139 contra
667 2106 822 2140 dictarum
838 2107 987 2141 constitu-

244 2160 364 2194 tionum
382 2159 632 2204 dispositionem,
648 2159 817 2204 quicquam
837 2170 987 2204 magnum

244 2214 292 2247 vel
317 2223 450 2258 parvum
475 2223 533 2256 pro
563 2212 681 2245 iustitia
706 2213 753 2246 vel
778 2213 879 2256 gratia
905 2214 987 2257 apud

245 2267 357 2302 Sedem
381 2266 574 2311 praedictam
592 2266 772 2307 obtinenda,
790 2266 988 2300 declaramus

246 2320 365 2366 pariter
389 2324 420 2353 et
444 2319 619 2352 statuimus.

52 2403 104 2426 bue
127 2379 230 2429 cogffigg
290 2374 358 2419 56.
385 2374 569 2414 Postremo,
606 2374 730 2407 tametsi
763 2374 928 2407 credamus
959 2380 988 2407 et

52 2431 231 2478 “asomum-
246 2437 409 2472 speramus
425 2427 455 2460 in
470 2427 602 2461 Domino
616 2437 776 2470 nunquam
793 2432 988 2468 eventurum,

247 2485 281 2514 ut
300 2480 412 2525 aliquis
440 2489 475 2513 ex
506 2479 738 2513 venerabilibus
767 2480 916 2513 fratribus
937 2491 990 2514 no·

245 2534 317 2567 stris
342 2533 515 2577 episcopis,
541 2532 807 2577 archiepiscopis,
833 2539 989 2578 metropo-

64 1204 164 1226 Deelarat.
173 1203 226 1224 Con·

45 1231 163 1252 stitutionns
186 1230 226 1252 Bo·

44 1257 122 1282 attacti,
131 1257 225 1283 Gregorii

46 1286 66 1306 οι
80 1284 198 1306 Clementis.

839 185 1022 208 ALEXANDER
1049 186 1091 207 Vll
1117 186 1163 208 Pr.

281 2596 292 2621 1
311 2595 394 2627 Quam
409 2592 494 2622 habes
510 2594 536 2622 in
553 2598 616 2622 tom.
636 2602 671 2625 ix,
690 2602 750 2631 rag.
767 2594 818 2624 595
833 2597 870 2631 (u.
888 2596 936 2632 τ.).

1662 178 1722 211 150

1013 232 1127 273 titanis,
1153 234 1342 277 primatibus
1367 240 1396 267 et
1423 236 1621 279 patriarchis,
1647 239 1698 269 aut
1723 236 1753 268 in

1013 296 1212 330 quacumque
1231 287 1289 319 alia
1316 288 1407 321 etiam
1434 289 1589 333 superiori
1608 289 1754 322 ecclcsia-

1013 339 1101 379 stica,
1118 341 1320 383 quantumvis
1345 342 1468 374 sublimi
1488 347 1515 374 et
1535 343 1661 386 speciali
1681 344 1754 376 uota

1013 393 1118 436 digna,
1141 394 1317 427 constilutis
1343 394 1503 437 dignitate,
1524 396 1552 428 in
1575 396 1755 440 praemissis

1013 456 1141 489 quoquo
1167 446 1260 480 modo
1286 447 1460 491 delinquam
1487 449 1559 492 quia
1585 455 1687 482 tamen
1713 449 1756 482 di-

1013 499 1173 542 ligentiam
1199 505 1340 533 nostram
1367 501 1398 533 in
1424 502 1622 534 removendis
1647 502 1685 534 ab
1706 505 1755 535 etl-

1769 189 1803 212 A«,
1839 189 1856 213 (i
1890 188 1953 213 lbbss

996 551 1084 584 {dem
1103 552 1190 585 curia
1215 552 1366 585 abusibus
1385 554 1576 596 quibuslibet
1596 555 1755 588 abundare.

1014 605 1118 648 potius
1147 616 1242 649 quam
1266 606 1295 638 in
1316 606 1422 650 aliquo
1443 607 1578 640 deficere
1601 609 1754 648 volumus,

1015 659 1106 691 etiam
1133 659 1317 703 episcopos,
1342 660 1614 704 archiepiscopos,
1641 665 1756 695 metro-

1014 712 1181 755 politanos,
1206 713 1357 756 primates
1386 724 1421 746 ac
1446 713 1651 757 patriarchas,
1678 721 1756 747 cete-

1015 776 1130 809 rosque
1159 766 1190 798 in
1215 777 1414 810 quacumque
1436 766 1495 799 alia
1525 767 1617 799 etiam
1634 767 1757 811 praedi-

1015 818 1072 851 ctis
1098 819 1265 862 superiori,
1285 830 1320 851 ac
1345 819 1545 863 quantumvis
1570 820 1695 852 sublimi
1728 825 1758 853 et

1015 871 1141 915 speciali
1166 874 1240 905 nota
1265 872 1358 915 digna
1384 873 1569 907 constitutos
1590 873 1757 916 dignitate,

1016 924 1136 957 etiamsi
1156 935 1212 969 per
1229 928 1352 959 nostras
1366 930 1396 958 et
1409 926 1615 959 cancellariae
1631 932 1757 960 nostrae

1016 978 1207 1022 apostolicae
1231 980 1358 1022 regulas
1383 985 1507 1012 cautum
1535 980 1584 1021 sit,
1609 980 1692 1024 quod
1715 980 1757 1013 illi

1017 1031 1046 1064 in
1066 1033 1342 1066 constitutionibus
1360 1043 1416 1077 per
1433 1044 1490 1067 nos
1510 1033 1600 1067 editis
1615 1038 1644 1068 et
1664 1033 1758 1067 eden-

1017 1085 1064 1118 dis
1090 1096 1153 1119 non
1177 1087 1497 1131 comprehendantur,
1523 1098 1581 1120 nec
1613 1098 1759 1131 compre-

1018 1139 1105 1172 hensi
1131 1146 1336 1181 censeantur,
1361 1141 1419 1174 nisi
1446 1141 1476 1173 in
1502 1141 1619 1174 eisdem
1649 1142 1760 1175 consti-

1018 1194 1192 1227 tutionibus
1219 1195 1297 1228 sacta
1326 1195 1420 1228 suerit
1445 1196 1585 1239 ipsorum
1615 1206 1760 1239 expressa

1000 1248 1147 1288 tmentio,
1173 1248 1204 1280 in
1228 1248 1397 1292 praedictis
1423 1249 1709 1289 constitutionibus,
1727 1254 1761 1281 ut

1001 1325 1002 1333 1
1020 1301 1243 1345 praemittitur,
1270 1302 1436 1336 declaratis
1461 1309 1489 1335 et
1514 1303 1660 1343 extensis,
1677 1304 1760 1336 acin

1019 1356 1176 1399 praesenti
1202 1359 1309 1389 nostra
1326 1357 1429 1400 quoad
1447 1368 1596 1390 censuras
1617 1368 1761 1401 compre-

1020 1409 1124 1451 hendi,
1152 1416 1250 1450 motu,
1276 1410 1416 1452 scientia,
1445 1411 1680 1451 deliberatione,
1706 1423 1761 1455 po-

1002 1464 1139 1501 ,testatis
1164 1464 1358 1507 plenitudine
1390 1465 1439 1498 et¹
1467 1471 1574 1498 tenore
1607 1465 1762 1499 similibus

1021 1517 1196 1550 statuimus.

1065 1571 1079 1614 ᾗ
1105 1570 1133 1603 7.
1161 1571 1259 1605 Porro
1286 1572 1394 1605 xeuia²
1419 1573 1526 1613 solita,
1552 1574 1710 1606 esculenta
1735 1578 1765 1607 et
1806 1584 1918 1605 Esculenta
1942 1586 1963 1604 ei

1021 1626 1209 1668 poculenta,
1235 1636 1314 1669 quae
1346 1626 1524 1669 iudicibus,
1552 1627 1704 1660 ministris
1735 1633 1766 1660 et
1779 1611 1963 1658 P0⁰si¹1¹=¹51¹1¹ssimf³⁰⁰

1021 1679 1207 1712 officialibus
1224 1680 1384 1713 Romanae
1401 1681 1511 1714 Curiae
1533 1681 1674 1714 exhiberi
1693 1692 1765 1715 con-

1021 1738 1205 1773 sueverunt,
1230 1734 1379 1777 praefatis
1403 1734 1681 1777 praedecessorum
1707 1745 1764 1768 no-

1022 1789 1159 1819 strorum
1186 1786 1297 1819 litteris
1331 1798 1366 1819 ac
1403 1788 1622 1831 praesentibus
1648 1788 1765 1821 nostris

1023 1839 1152 1873 minime
1188 1840 1347 1884 prohibita
1381 1841 1475 1873 fuisse
1509 1851 1566 1873 nec
1602 1841 1764 1884 prohiberi

1022 1892 1232 1926 decernimus.

1066 1947 1080 1990 ἓ
1105 1948 1133 1979 8.
1162 1947 1362 1981 Declarautes
1398 1959 1454 1992 per
1483 1954 1680 1992 praesentem
1707 1959 1764 1982 no·
1781 1957 1966 2004 pfis'ssv‘ffissssfifflgfi

1022 2005 1118 2033 stram
1144 2001 1401 2034 constitutionem
1427 2012 1489 2034 non
1523 2001 1643 2034 censeri
1669 2002 1764 2036 abro-
1781 2011 1800 2031 in
1825 2015 1863 2030 suo
1889 2010 1965 2031 robore

1022 2058 1125 2097 gatam
1140 2055 1395 2088 constitutionem
1411 2055 1522 2088 similis
1536 2055 1765 2089 recordationis
1781 2038 1902 2057 comma

1024 2107 1066 2140 Pii
1093 2108 1193 2151 Papae
1220 2108 1242 2140 V
1268 2108 1359 2140 etiam
1388 2109 1640 2152 praedecessoris
1664 2110 1764 2143 nostri

1022 2165 1131 2195 contra
1156 2162 1331 2196 ambientes
1356 2163 1524 2206 dignitates
1550 2168 1580 2196 et
1604 2164 1705 2196 officia
1723 2164 1766 2196 iu-

1024 2214 1216 2247 risdictionis
1253 2215 1556 2249 administrationem
1592 2217 1765 2257 habentia,

1022 2277 1121 2311 eaque
1145 2268 1248 2311 pretio
1277 2280 1332 2301 seu
1358 2269 1568 2313 promissione
1594 2280 1767 2313 procuran-

1023 2326 1077 2363 tes,
1096 2331 1176 2365 quae
1193 2322 1303 2366 incipit
1324 2323 1395 2355 Etsi
1418 2323 1568 2362 Romani,
1586 2326 1655 2362 etc„
1674 2323 1766 2356 nonis

1022 2374 1207 2415 decembris,
1220 2385 1302 2408 auno
1319 2386 1348 2407 vl
1366 2375 1433 2408 eius
1458 2375 1659 2418 pontificatus
1685 2386 1767 2408 ema-

1022 2427 1154 2467 natam³,
1180 2427 1232 2460 sed
1260 2428 1343 2460 illam
1359 2455 1366 2467 ,
1391 2438 1426 2461 ac
1452 2432 1570 2461 ceteras
1600 2428 1697 2472 ipsius
1724 2429 1767 2461 Pii

1060 2508 1070 2533 1
1094 2506 1235 2534 Coniunet.
1253 2510 1278 2534 et
1293 2515 1343 2533 nos
1363 2506 1489 2534 addimus
1503 2510 1541 2542 (a.
1558 2508 1606 2541 ’τ.).

1057 2551 1073 2577 2
1094 2550 1161 2578 Edit.
1186 2551 1268 2579 Main.
1291 2551 1356 2585 legit
1376 2552 1559 2579 Pori-omnia
1579 2553 1615 2585 (n.
1633 2559 1682 2587 τ.).

1059 2596 1073 2623 3
1089 2595 1171 2628 Quam
1191 2595 1250 2623 vide
1266 2595 1293 2623 iu
1310 2600 1373 2624 tom.
1390 2602 1435 2631 vu,
1452 2604 1514 2632 pag.
1531 2597 1633 2631 94901.
1651 2598 1699 2630 T.).
