2243 3205
99 173 147 198 Αη,
168 171 196 197 C.
214 170 281 197 ¹660

127 656 205 676 Mntiva
220 654 282 675 huius

101 683 264 704 constituturum.

134 1667 213 1689 Statuit
229 1669 252 1688 ut
270 1667 290 1688 in

108 1695 201 1716 rubrica,

894 169 1078 194 ALEXANDER
1103 169 1147 192 VII
1170 169 1218 193 PP.

571 217 756 252 CCLxxvlt.

294 287 508 332 Praeceptum
531 290 661 322 nunciis
686 289 869 333 apostolicis
881 299 941 332 pro
963 293 1036 321 tem-

336 352 414 385 pore
446 342 536 385 apud
565 342 728 375 Helvetios
764 341 1036 375 commorantibus

340 395 426 427 eirca
471 395 750 438 consiynationem
795 395 1037 438 scripturarum

340 448 559 481 nunciaturae
580 448 753 481 'successori
773 447 955 491 faciendam
969 446 989 480 ¹.

498 529 666 556 Alexander
680 529 758 563 Papa
773 529 836 562 VII,

439 573 475 599 ad
496 573 628 600 futuram
647 573 693 600 rei
714 574 895 600 memoriam.

343 643 358 687 ξ
382 643 411 675 1.
436 643 523 683 Cum,
549 643 628 676 sicut
653 643 839 676 venerabilis
864 644 960 676 frater
985 643 1040 676 Fe-

298 696 423 729 dericus
447 697 626 740 patriarcba
657 697 906 738 Alexandrinus,
933 702 1040 730 noster

298 755 328 782 et
353 749 440 783 Sedis
465 750 665 793 Apostolicae
698 750 729 782 in
760 750 900 783 dominio
930 750 1039 783 Helve-

298 803 413 836 tiorum
441 807 470 837 et
494 803 665 837 Raetorum
691 803 846 845 nuncius⁷
871 804 962 836 nobis
985 813 1039 836 nu-

298 867 356 900 per
373 856 486 901 exponi
507 857 588 898 fecit,
606 856 672 900 ipse
693 856 847 901 plurimas
865 857 1039 901 scripturas

297 909 503 943 directionem
531 910 615 943 illius
639 910 843 944 nunciaturae
863 921 898 943 ac
916 920 1039 943 conser-

298 964 455 997 vationem
482 964 708 997 iurisdictionis
727 964 955 997 ecclesiasticae
970 975 1040 998 con-

298 1022 462 1052 cernentes
487 1018 581 1051 variis
599 1029 634 1050 cx
660 1018 748 1060 locis,
770 1018 909 1050 adbibita
931 1020 1038 1050 exacta

298 1071 472 1114 diligentia,
495 1072 729 1115 recuperaverit
753 1077 783 1104 ct
808 1072 982 1114 collegerit,
1008 1072 1040 1104 il-

298 1125 406 1169 lasque
431 1125 462 1157 in
489 1125 620 1158 sormam
648 1125 779 1158 archivii
805 1125 983 1168 redegerit,
1011 1130 1040 1157 ct

300 1178 330 1211 in
357 1179 453 1212 multa
477 1189 591 1222 magna
617 1178 775 1212 volumina
804 1189 874 1212 cum
904 1178 968 1211 suis
997 1178 1039 1211 in-

300 1231 424 1264 dicibus
459 1237 489 1265 et
524 1231 635 1276 quovis
660 1232 721 1265 alio
758 1237 831 1276 apto
863 1232 973 1265 ordine
1002 1231 1040 1264 ad

301 1285 474 1318 faciliorem
510 1296 570 1329 pro
606 1286 651 1319 rei
687 1292 717 1318 et
757 1296 847 1319 casus
883 1286 1039 1328 exigentia

301 1338 483 1372 earumdem
509 1339 740 1383 scripturarum
766 1350 857 1372 usum
880 1339 1040 1383 compingi

302 1392 459 1425 curaverit
489 1403 543 1425 seu
568 1392 729 1436 compingi
755 1392 856 1425 facere
882 1392 1041 1433 intendat,

303 1446 440 1479 maxime
469 1457 544 1479 vero
575 1447 698 1479 intersit
737 1447 835 1480 dictas
871 1447 1042 1490 scripturas

304 1500 496 1540 conservari,
510 1510 549 1533 ne
567 1499 604 1532 ad
622 1500 697 1532 alias
715 1511 807 1544 quam
826 1511 883 1544 pro
901 1506 1043 1544 tempore

303 1553 502 1587 existentium
520 1553 551 1585 in
569 1558 744 1586 memorato
763 1553 904 1586 dominio
921 1559 1044 1587 nostro-

304 1616 375 1638 rum
394 1610 423 1638 et
441 1605 529 1639 Sedis
552 1606 708 1650 praefatae
728 1606 917 1640 nunciorum
935 1616 1045 1638 manus

306 1658 514 1692 deveniant²z
551 1659 670 1693 idcirco
706 1670 762 1694 nos
799 1661 829 1692 in
865 1660 1045 1703 praemissis

306 1717 483 1756 opportune
518 1713 687 1757 providere
718 1723 753 1745 ac
779 1713 924 1746 eumdem
950 1713 1047 1745 Ferie-

305 1765 407 1799 ricum
421 1766 632 1810 patriarcham
647 1771 677 1799 et
691 1766 839 1799 nuncium
859 1766 1047 1810 specialibus

306 1819 465 1853 favoribus
490 1823 519 1853 et
543 1819 652 1862 gratiis
677 1816 827 1863 prosequi
848 1820 996 1861 volentes
1018 1825 1047 1852 et

306 1882 324 1904 a
348 1872 512 1916 quibusvis
536 1873 881 1913 excommunicationis,
907 1879 974 1914 etc,
993 1873 1048 1906 lia-

307 1937 377 1959 rum
404 1926 485 1959 serie
509 1925 710 1959 absolventes
735 1932 765 1959 et
788 1926 966 1960 absolutum
982 1927 1047 1960 sore

307 1982 468 2012 censentes
486 2006 493 2020 ‚
521 1979 803 2023 supplicationibus
828 1980 894 2013 eius
919 1980 1047 2013 nomine

307 2033 397 2066 nobis
422 2043 517 2077 super
541 2033 602 2067 boc
626 2034 788 2067 humiliter
813 2034 969 2078 porrectis
1002 2035 1047 2067 in-

307 2087 424 2128 clinati,
449 2087 600 2121 Federico
625 2088 786 2132 praedicto
803 2093 832 2121 et
850 2088 918 2120 aliis
936 2088 1049 2121 suturis

307 2151 366 2185 pro
390 2146 533 2185 tempore
557 2142 672 2174 nostris
690 2147 718 2174 et
740 2142 840 2175 dictae
865 2142 952 2175 Sedis
970 2143 1049 2186 Apo-

309 2194 437 2228 stolicae
462 2194 492 2227 in
517 2194 628 2227 eodem
661 2194 801 2228 dominio
833 2195 1047 2228 Helvetiorum

310 2252 340 2281 et
370 2247 544 2281 Rhetorum
569 2248 702 2288 nunciis,
728 2248 785 2280 sub
811 2248 909 2280 nostri
935 2253 964 2280 et
992 2259 1049 2292 pro

310 2306 454 2345 tempore
479 2301 637 2335 existentis
662 2301 794 2334 Romani
821 2301 980 2334 Pontificis
999 2312 1049 2333 ar-

310 2354 397 2388 bitrii
422 2354 547 2398 poenis,
572 2355 744 2398 apostolica
769 2355 973 2395 auctoritate,
999 2360 1048 2387 te-

310 2417 388 2441 nore
408 2408 632 2452 praesentium,
651 2408 862 2452 praecipimus
880 2412 909 2442 et
927 2408 1050 2441 manda-

350 2533 358 2559 1
379 2531 414 2558 Ex
433 2532 539 2567 Regest.
556 2532 581 2558 in
597 2532 698 2559 Secret.
717 2532 792 2559 Brer.

347 2577 363 2603 ⁶2
383 2576 448 2603 Male
464 2577 527 2604 edit.
544 2577 623 2604 Main.
645 2577 707 2612 legit
728 2577 859 2606 deveniat
873 2578 910 2612 (R.
926 2578 975 2611 Tr),

1713 157 1772 192 531

1069 228 1156 258 mus,
1181 222 1215 249 ut
1241 217 1381 261 ipsorum
1408 216 1563 262 quolibet⁴
1590 227 1645 249 suo
1670 217 1700 249 in
1726 216 1807 249 dicta

1069 270 1254 303 nunciatura
1280 272 1453 305 successori
1479 271 1651 315 scripturas
1671 275 1701 303 et
1726 270 1810 304 volu-

1071 324 1154 356 mina
1172 324 1351 358 huiusmodi
1371 335 1556 358 conservare
1575 330 1603 357 et
1622 324 1810 367 consignare

1071 388 1106 410 ac
1130 377 1167 410 de
1193 377 1319 411 illorum
1345 378 1582 421 consignatione
1608 389 1664 422 per
1689 388 1742 411 eos
1772 377 1811 409 sa-

1072 430 1180 464 cienda
1218 442 1235 463 a
1270 432 1507 464 successoribus
1544 431 1607 464 suis
1641 431 1671 463 in
1700 430 1809 463 eadem

1072 484 1281 525 nunciatura,
1306 485 1420 528 quibus
1454 485 1505 517 illa
1536 484 1810 527 consignaverint,

1072 537 1274 581 quietantiam
1311 538 1523 571 authenticam
1555 543 1720 581 reportare
1748 547 1812 570 om-

1073 592 1147 624 nino
1167 591 1310 624 debeant.

1118 646 1132 689 g
1156 645 1185 678 02.
1211 646 1420 678 Deeernentes
1445 645 1569 678 irritum
1597 651 1626 678 et
1646 645 1758 686 inane,
1787 645 1812 677 si
1841 656 1966 687 ,Decretum
1985 658 2013 678 sr-

1074 710 1162 732 secus
1180 710 1276 743 super
1292 699 1340 731 bis
1358 709 1375 731 a
1392 709 1562 742 quoquam⁷
1584 699 1693 742 quavis
1711 704 1813 732 aucto-
1829 686 1899 705 ‘mm‘

1074 753 1175 793 ritate,
1200 753 1335 785 scienter
1360 753 1407 785 vel
1434 753 1624 795 ignoranter,
1647 752 1814 795 contigerit

1073 806 1229 839 attentari.

1118 860 1132 903 ἓ
1156 859 1185 892 3.
1212 860 1279 893 Non
1312 858 1508 892 obstantibus
1539 858 1815 892 constitutionibus
1831 872 2014 892 eonem-iarun.

1074 918 1103 946 et
1128 912 1378 945 ordinationibus
1409 912 1605 956 apostolicis,
1640 912 1814 955 ceterisque

1074 967 1240 1000 contrariis
1259 966 1521 1010 quibuscumque.

1117 1021 1228 1053 Datum
1248 1021 1375 1060 Romae,
1404 1017 1486 1064 apud
1516 1020 1545 1053 S.
1571 1020 1698 1052 Mariam
1724 1020 1816 1052 Maio-

1074 1085 1151 1114 rem,
1169 1074 1226 1107 sub
1252 1075 1368 1107 annulo
1393 1074 1572 1115 piscatoris,
1594 1073 1644 1106 die
1662 1084 1692 1106 ix
1716 1074 1817 1105 ianua-

1075 1128 1112 1160 rii
1134 1137 1248 1167 MDeLx,
1266 1127 1465 1171 pontificatus
1481 1127 1580 1159 nostri
1599 1137 1680 1159 anno
1699 1137 1727 1159 v,

1824 168 1859 193 An
1893 168 1912 194 C
1941 167 2008 195 1660

1112 1191 1169 1216 Dat.
1188 1190 1230 1217 die
1244 1190 1260 1217 9
1278 1190 1391 1217 ianuarii
1415 1190 1497 1223 1660,
1515 1189 1610 1225 pontif.
1629 1198 1699 1215 anno
1721 1197 1744 1215 v.

1348 1332 1547 1366 CCLxxvnl.

1076 1413 1254 1446 Moderatio
1271 1413 1514 1446 constitutionis
1531 1423 1569 1445 ne
1585 1411 1739 1445 monachi·
1765 1411 1820 1445 Or-

1121 1466 1210 1499 dinis
1234 1467 1340 1498 saneti
1364 1465 1534 1499 Benedicti
1559 1464 1818 1508 conyreyutionis

1122 1519 1352 1562 Portttsyatliae
1368 1530 1475 1552 saeros
1495 1517 1623 1550 ordines
1640 1517 1821 1561 suscipiant

1122 1577 1196 1605 ante
1221 1573 1348 1616 tapsum
1373 1573 1522 1606 seoeemziz'
1547 1572 1587 1605 ab
1610 1572 1758 1614 e'izqressu
1778 1581 1822 1603 re-

1124 1625 1270 1669 timonis,
1295 1624 1383 1659 etcs‘.

1275 1706 1440 1733 Alexander
1459 1706 1538 1739 Papa
1559 1706 1625 1737 VII,

1224 1750 1260 1776 ad
1279 1749 1412 1776 futuram
1431 1749 1474 1776 rei
1496 1750 1678 1776 memoriam.

1127 1821 1141 1864 ξ
1165 1821 1195 1853 i.
1221 1820 1341 1864 Exponi
1368 1820 1458 1854 nobis
1479 1830 1581 1864 nuper
1599 1820 1670 1853 secit
1691 1819 1822 1852 dilectus

1082 1874 1165 1906 filius
1190 1874 1371 1907 Vincentius
1395 1874 1523 1917 Rangel⁷
1542 1873 1640 1906 abbas
1666 1873 1822 1916 generalis

1082 1927 1337 1970 congregationis
1357 1926 1568 1970 Portugaliiae
1594 1926 1821 1959 monachorum

1082 1980 1207 2013 Ordinis
1232 1980 1329 2013 sancti
1355 1980 1530 2021 Benedicti,
1555 1979 1639 2023 quod
1669 1979 1744 2012 alias
1767 1989 1824 2023 per

1082 2033 1251 2076 quamdam
1277 2034 1531 2067 constitutionem
1559 2034 1588 2065 in
1614 2032 1751 2077 quodam
1777 2043 1824 2065 ca-

1082 2087 1181 2130 pitulo
1202 2087 1340 2131 generali
1359 2087 1459 2121 dictae
1482 2086 1737 2130 congregationis
1758 2086 1822 2119 cdi-

1084 2147 1164 2180 tam,
1194 2151 1256 2174 non
1289 2147 1391 2174 tamen
1417 2152 1434 2173 a
1458 2140 1538 2174 Sede
1563 2140 1741 2185 Apostolica
1773 2150 1824 2183 ap-

1082 2194 1265 2237 probatam,
1290 2194 1485 2238 prohibitum
1511 2194 1584 2236 suit⁷
1610 2204 1648 2226 ne
1679 2193 1824 2227 monachi

1084 2247 1222 2280 ciusdem
1249 2246 1514 2291 congregationis,
1539 2246 1598 2279 nisi
1624 2252 1693 2290 post
1717 2256 1825 2279 sexen-

1083 2302 1169 2334 nium
1195 2303 1233 2335 ab
1259 2302 1402 2346 ingressu
1422 2302 1582 2345 religionis
1608 2313 1714 2335 sacros
1740 2302 1825 2335 ordi-

1084 2365 1138 2388 nes
1159 2356 1361 2399 susciperent.

1128 2409 1143 2452 g
1167 2408 1196 2441 ⁹2.
1222 2409 1297 2442 Cum
1324 2413 1438 2451 autem⁷
1464 2409 1544 2442 sicut
1569 2408 1677 2442 cadem
1703 2408 1825 2453 exposi-
1867 2416 1944 2436 Mutua

1864 1830 2005 1855 Snppttmtus.

1121 2534 1131 2560 1
1154 2532 1266 2560 Videtur
1285 2533 1429 2568 legendum
1445 2532 1566 2569 quilibet
1581 2534 1618 2569 (a.
1636 2534 1683 2568 T.).

1118 2577 1133 2604 2
1150 2577 1187 2605 Ex
1208 2578 1313 2614 Regest.
1329 2579 1355 2605 in
1371 2578 1471 2606 Secret.
1488 2577 1565 2606 Brev.
