2243 3205
276 193 324 220 An.
345 193 372 220 c.
392 193 459 220 1660
505 183 568 217 54⁵2

474 240 604 273 nisterio
618 240 807 282 ministrare,
828 242 1083 287 episcopaliaque
1105 244 1211 276 munia

474 293 574 333 obire,
599 295 709 337 exequi
734 298 763 328 et
783 304 929 328 exercere
954 296 1052 330 libere
1077 303 1106 330 et
1129 297 1212 330 licite

475 345 596 389 possint
632 352 661 379 et
684 347 815 390 valeant,
841 349 1026 382 auctoritate
1050 355 1080 382 et
1104 355 1212 382 tenore

474 399 644 443 praedictis
664 399 892 444 dispensamus.

519 452 575 496 54.
590 453 657 486 Non
670 453 864 487 obstantibus
884 456 1074 498 praemissiS,
1092 465 1213 488 necnon

475 505 655 549 apostolicis
670 533 678 547 ,
702 516 737 539 ac
770 507 800 539 in
825 508 1054 541 universalibus
1078 508 1209 552 provin-

475 558 670 602 cialibusque
707 560 848 592 conciliis
873 560 981 601 editis,
1013 560 1213 604 generalibus

474 611 521 644 vel
546 611 746 655 specialibuS,
771 613 1046 647 constitutionibus
1071 619 1100 646 et
1126 613 1213 646 ordi-

474 664 663 706 nationibus,
684 666 860 710 ceterisque
886 667 1052 700 contrariis
1084 667 1213 710 quibus—

475 727 620 762 cumque.

315 783 460 804 roennfflnmu
519 771 534 814 ἓ
559 771 587 804 5.
613 772 763 806 Volumus
786 778 889 806 autem
910 778 943 806 ut
967 774 1041 806 dicti
1074 773 1213 818 episcopi

277 812 460 863 fisssmpiffiffifflssf
473 824 712 867 poenitentiam,
729 837 821 869 quam
848 827 892 859 eis
916 827 1090 870 respective
1115 837 1214 860 saeer-

277 864 319 883 Μ
475 876 532 910 dos
546 877 676 910 idoneus
692 884 821 922 propter
830 880 1002 923 praemissa
1017 880 1213 923 imposuerit,

475 930 604 964 omnino
628 932 836 976 adimpleant,
866 933 1004 977 alioquin
1034 938 1214 977 praesentes

475 984 577 1027 quoad
592 984 820 1018 absolutionem
849 986 893 1019 eis
911 986 941 1018 in
966 987 1034 1020 soro
1058 987 1215 1020 conscien-

475 1037 534 1069 tiae
554 1037 732 1071 nullatenus
748 1038 969 1082 suffragentur.

519 1090 630 1123 Datum
652 1091 779 1134 Romae,
798 1092 880 1136 apud
894 1093 923 1126 S.
938 1093 1075 1134 Petrum,
1089 1093 1146 1125 sub
1163 1103 1214 1126 an-

474 1142 549 1176 nulo
563 1143 612 1176 die
627 1144 804 1186 piscatoris,
818 1155 908 1179 xxvn
926 1146 1079 1179 februarii
1098 1155 1212 1187 mncnx,

474 1197 674 1240 pontificatus
692 1199 790 1231 nostri
811 1209 893 1232 anno
910 1209 938 1232 v.

510 1258 568 1285 Dat.
585 1259 628 1286 die
644 1260 676 1287 27
693 1259 823 1287 februarii
842 1260 919 1295 1660,
936 1260 1031 1296 pontif.
1050 1268 1120 1288 anno
1137 1268 1162 1287 v.

277 466 385 487 Contraria
398 467 458 486 tull-1.

747 1402 931 1436 CCLXXXV.

473 1481 675 1524 Ayyreqatio
708 1483 978 1516 monasteriorum
1009 1482 1041 1516 S.
1074 1482 1141 1516 Viti
1176 1482 1213 1516 de

521 1534 613 1574 Urbe,
643 1534 859 1569 Clamet-altis
881 1536 918 1568 de
945 1536 1139 1579 Castaynola
1163 1536 1213 1570 Se-

516 1587 741 1630 noyallt'ensis,
776 1589 978 1622 Casaemurii
1013 1589 1211 1623 Verulanen-

517 1641 583 1681 sis,
617 1641 836 1675 Fossaenovae
875 1642 1138 1684 Terracinensis,
1175 1643 1212 1676 de

517 1692 676 1726 Ferraria
718 1694 915 1728 Theanensis
932 1722 942 1735 ,
979 1695 1212 1738 Reqalisvatlis

517 1746 733 1788 Nolanensis,
767 1758 804 1780 ac
840 1747 1040 1782 Caesanovae
1074 1749 1214 1793 Aprutii

517 1800 687 1840 Penensis,
705 1811 761 1834 seu
778 1802 917 1842 nullius,
938 1803 1108 1846 respective
1125 1803 1212 1837 dioe-

517 1854 606 1895 cesis,
627 1858 656 1887 et
680 1865 792 1888 eorum
815 1855 1055 1898 reliqz'osorum,
1076 1865 1211 1899 corcyre-

517 1906 661 1949 9ationis
671 1908 833 1941 Romanae
849 1908 1123 1950 cisterciensium,
1140 1919 1212 1942 cum

518 1961 764 2003 conyreyaliorze
793 1960 915 1994 Italiae
941 1962 1129 2004 provinciae
1156 1962 1213 1995 Tu-

517 2013 601 2045 sciae
613 2013 754 2046 eiusdem
768 2005 948 2057 reliqioriis,
965 2015 1023 2047 sub
1040 2013 1214 2048 directione

517 2070 546 2099 et
569 2067 726 2109 quberm'o
749 2072 876 2111 patrum
894 2068 1066 2111 reyiminis
1083 2079 1168 2101 nunc
1185 2073 1213 2102 et

516 2129 575 2163 pro
591 2123 729 2164 tempore
742 2121 950 2154 existentium
963 2121 1067 2155 dictae
1082 2123 1214 2165 provin-

518 2173 586 2206 ciae
612 2174 766 2214 Tusciae,
794 2185 866 2207 curn
890 2174 1026 2207 diversis
1048 2175 1153 2218 pactis
1185 2179 1214 2209 et

518 2225 784 2260 conditionibus¹.

669 2306 833 2334 Alexander
853 2308 932 2341 Papa
952 2308 1014 2334 VII.

598 2351 634 2378 ad
653 2353 829 2385 perpetuam
848 2351 894 2379 rei
910 2352 1093 2379 memoriam.

520 2420 688 2455 pastoralis
713 2422 806 2455 officii
831 2422 997 2455 humilitati
1019 2427 1147 2455 nostrae
1172 2422 1215 2455 di-

477 2474 589 2507 vinitus
613 2475 723 2508 crediti
741 2475 821 2509 ratio
837 2475 983 2519 postulat,
1000 2481 1034 2508 ut
1051 2481 1214 2519 paternam

305 2422 424 2448 Exordium.

510 2590 523 2615 .1
549 2586 586 2615 Ex
607 2588 711 2624 tugost.
734 2590 759 2616 in
780 2590 884 2617 Secrct.
906 2590 982 2617 Brev.

1044 195 1221 220 BULLARIUM
1247 194 1400 220 Romnum

1985 194 2037 225 An.
2057 195 2088 222 C.
2107 195 2174 224 ¹650
2210 207 2214 233 ¹,

1246 242 1495 276 christifidelium
1527 242 1585 275 sub
1609 244 1696 275 suavi
1721 243 1881 286 religionis
1906 243 1980 287 iugo

1245 295 1394 328 Altissimi
1421 295 1579 339 obsequiis
1599 295 1847 339 mancipatorum
1872 306 1980 330 curam

1246 353 1406 391 gerenteS,
1431 359 1467 382 ea
1491 348 1623 381 libenter
1648 348 1878 389 concedamus,
1903 359 1982 393 quae

1246 402 1326 435 felici
1363 413 1581 446 prosperoque
1613 401 1739 435 illorum
1772 401 1917 445 regimini
1953 406 1983 435 et

1246 455 1400 498 gubernio
1428 455 1636 489 conducibilia
1653 456 1719 489 sore
1739 455 1769 488 in
1789 454 1921 488 Domino
1937 465 1984 488 ar-

1247 508 1411 542 bitramur.

1291 562 1305 605 g
1330 562 1358 595 1.
1385 562 1503 605 Exponi
1529 562 1681 606 siquidem
1707 561 1798 596 nobis
1821 572 1921 606 nuper
1945 561 1985 595 fe-

1248 620 1358 648 cerunt
1376 615 1479 648 dilecti
1502 615 1748 648 filiiVincentius
1764 615 1918 656 Burellus,
1935 614 1985 647 ab·

1247 668 1302 701 bas
1326 678 1452 712 praeses
1487 668 1740 712 congregationis
1763 666 1931 710 Romanae,
1955 673 1985 702 et

1248 721 1463 754 Ferdinandus
1488 721 1647 764 Ughellus,
1671 721 1768 754 abbas
1803 721 1984 755 monasterii

1248 775 1295 808 Ss.
1322 775 1473 808 Vincentii
1500 781 1529 809 et
1553 776 1705 809 Anastasii
1731 775 1774 809 ad
1800 780 1861 809 tres
1884 775 1984 819 fontes

1248 828 1695 872 procuratorcongregationis
1704 822 1808 862 ltaliae
1819 833 1848 861 et
1861 827 1985 872 provin-

1248 881 1313 914 ciae
1333 882 1462 915 Tusciae
1476 882 1702 915 monachorum
1728 881 1852 915 Ordinis
1876 881 1985 915 Cister-

1248 934 1410 976 ciensium,
1427 935 1510 979 quod
1546 935 1627 968 idem
1657 935 1836 969 Vincentius
1857 944 1984 979 praeses

1248 989 1405 1032 ceterique
1423 989 1601 1032 superiores
1615 989 1713 1022 dictae
1732 987 1985 1032 congregationis

1247 1032 1405 1074 Romanae
1430 1044 1490 1074 una
1516 1052 1587 1075 cum
1613 1041 1830 1085 superioribus
1854 1051 1986 1084 congre-

1247 1093 1380 1136 gationis
1394 1094 1499 1127 Italiae
1515 1094 1695 1138 provinciae
1710 1094 1839 1128 Tusciae
1860 1093 1984 1128 Ordinis

1247 1147 1437 1188 huiusmodi,
1456 1147 1583 1191 praevia
1604 1149 1727 1180 matura
1748 1146 1983 1187 deliberatione,

1248 1206 1410 1234 tractatum
1426 1201 1507 1234 inter
1531 1212 1562 1234 se
1580 1201 1767 1242 habuerunt,
1785 1206 1818 1234 ut
1831 1200 1983 1244 quaedam

1247 1254 1444 1295 monasteria,
1471 1254 1614 1287 videlicet
1629 1254 1657 1288 S.
1677 1254 1735 1287 Viti
1756 1254 1794 1287 de
1811 1253 1904 1295 Urbe,
1921 1253 1985 1288 Cla-

1246 1307 1389 1340 raevallis
1428 1307 1466 1340 de
1500 1308 1683 1350 Castagnola
1721 1306 1983 1350 senogalliensis,

1246 1360 1434 1393 Casaemarii
1445 1360 1675 1403 Verulanensis,
1685 1359 1900 1393 Fossaenovae
1913 1360 1984 1393 Ter-

1247 1413 1430 1453 racinensis,
1447 1413 1485 1446 de
1502 1413 1646 1446 Ferraria
1669 1413 1870 1455 Theanensis,
1886 1412 1984 1456 Rega-

1246 1466 1374 1498 lisvallis
1398 1467 1592 1508 Nolanensis,
1617 1477 1652 1500 ac
1675 1466 1869 1500 Casaenovae
1886 1467 1985 1510 Apru-

1248 1519 1279 1553 tii
1311 1525 1526 1564 nuncupatae,
1553 1520 1739 1561 Pennensis,
1768 1530 1823 1553 seu
1850 1520 1984 1561 nullius,

1247 1573 1419 1615 respective
1436 1572 1597 1615 dioecesis,
1615 1577 1708 1616 atque
1721 1582 1830 1606 eorum
1845 1572 1984 1616 religiosi

1246 1625 1413 1658 unirentur
1425 1629 1455 1659 et
1468 1631 1718 1669 aggregarentur
1727 1626 1903 1670 praedictae
1913 1636 1985 1659 con-

1247 1679 1423 1722 gregationi
1459 1679 1564 1713 ltaliae
1588 1679 1646 1712 sub
1671 1679 1843 1712 directione
1867 1683 1897 1713 et
1919 1689 1981 1722 gu·-

1246 1732 1357 1765 bernio
1370 1737 1494 1776 patrum
1511 1732 1673 1775 regiminis
1690 1742 1773 1766 nunc
1790 1738 1819 1765 et
1834 1742 1892 1777 pro
1908 1737 1985 1766 tem-

1246 1795 1322 1828 pore
1352 1785 1549 1818 existentium
1583 1790 1774 1818 memoratae
1802 1785 1984 1829 provinciae

1246 1837 1383 1880 Tusciae,
1408 1837 1446 1870 ad
1471 1838 1540 1878 hoc,
1564 1843 1598 1870 ut
1623 1838 1653 1870 in
1685 1838 1800 1871 eisdem
1827 1843 1983 1872 monaste-

1246 1891 1301 1923 riis
1333 1891 1433 1934 magis
1466 1896 1670 1924 conservetur
1701 1896 1731 1924 et
1755 1892 1983 1925 incrementum

1246 1944 1378 1987 accipiat
1409 1943 1531 1977 divinus
1563 1944 1665 1977 cultus
1694 1949 1731 1977 et·
1748 1944 1919 1978 monastica
1941 1944 1985 1977 di-

1247 1997 1399 2040 sciplina,
1424 1998 1490 2030 sine
1515 2002 1619 2030 tamen
1650 1997 1844 2041 praeiudicio
1870 1997 1983 2031 contri-

1246 2050 1410 2083 butionum
1429 2051 1566 2094 capitulo
1583 2050 1721 2094 generali
1742 2050 1928 2084 debitarum.

1291 2104 1305 2147 ἓ
1329 2104 1359 2137 2.
1377 2104 1452 2137 Cum
1470 2108 1584 2146 autem,
1602 2104 1682 2137 sicut
1702 2103 1810 2137 eadem
1829 2104 1983 2148 expositio
2025 2111 2126 2158 sletquitur
2147 2115 2180 2146 ⁰¹.-
2210 2116 2211 2119 ¹

1247 2157 1466 2200 subiungebat,
1476 2157 1550 2190 dicti
1565 2162 1756 2201 exponentes
1769 2157 1916 2206 unionem
1929 2157 1984 2190 hu·
1998 2144 2036 2165 ¹⁸⁰⁵
2057 2144 2084 2159 '⁰'

1247 2210 1381 2243 iusmodi
1411 2220 1428 2243 a
1451 2210 1542 2243 nobis
1567 2210 1635 2243 fieri
1659 2210 1831 2254 plurimum
1856 2210 1981 2244 deside-

1247 2267 1335 2305 rent,
1361 2262 1418 2295 sub
1442 2262 1674 2296 conditionibus
1706 2268 1810 2296 tamen
1834 2267 1865 2298 et
1886 2262 1985 2307 pactis

1247 2314 1477 2359 infrascriptis,
1502 2316 1661 2349 videlicet:
1691 2316 1774 2360 quod
1807 2316 1986 2361 superiores

1247 2369 1378 2413 praelati
1404 2369 1442 2415 ad
1461 2380 1611 2413 praesens
1633 2369 1800 2403 existentes
1824 2370 1856 2403 in
1880 2373 1985 2404 mona-

1247 2422 1360 2463 steriis,
1385 2432 1464 2465 quae
1488 2422 1623 2455 unienda
1647 2428 1677 2456 et
1700 2423 1921 2466 congreganda
1937 2432 1986 2455 ve-

1247 2475 1351 2509 nerint
1374 2476 1611 2519 congregationi
1631 2476 1736 2509 Italiae
1750 2476 1807 2509 sub
1823 2475 1985 2520 provincia

1247 2527 1385 2571 Tusciae,
1411 2534 1556 2562 maneant
1573 2529 1751 2573 superiores
1774 2528 1905 2574 praelati
1930 2537 1984 2562 eo-

1249 2582 1392 2616 rumdem
1410 2583 1581 2626 respective
1606 2583 1869 2616 monasteriorum
1887 2592 1985 2626 usque

2024 573 2140 600 Expositio.
