2243 3205
59 239 106 268 An.
119 238 146 266 C.
168 238 234 264 1658

58 299 161 323 conti-aria
175 298 233 319 tollit.

75 1894 208 1919 Prooemium.

37 2389 40 2424 l

38 2477 41 2501 l
121 2480 221 2504 Recenset

38 2504 94 2534 talias
101 2509 176 2528 statuta
185 2515 221 2535 pro

39 2536 41 2553 ι
61 2534 113 2554 utet·
143 2536 220 2557 monia.

39 2559 41 2576 t
63 2563 98 2580 un.

40 2593 41 2606 l

845 236 1028 261 ALEXANDER
1055 237 1097 259 Vll
1123 237 1170 260 Pr.

292 284 306 327 ξ
324 283 352 316 5.
371 283 438 317 Non
450 283 645 317 obstantibus
658 284 850 329 praemissis,
868 295 903 317 ac
917 293 991 317 con·

248 337 464 371 stitutionibus
482 343 508 370 et
528 338 779 372 ordinationibus
801 336 990 381 apostolicis,

246 401 381 432 necnon,
407 397 561 435 quatenus
586 402 664 436 opus
690 391 739 432 sit,
764 391 899 432 Ordinis,
918 400 991 424 con-

247 445 442 488 gregationis
460 452 488 478 et
506 445 688 478 monasterii
704 445 896 485 huiusmodi,
910 444 991 476 aliis—

246 508 307 541 que
331 497 514 541 quibusvis,
541 498 633 531 etiam
667 498 852 539 iuramento,
880 497 991 530 confir-

247 551 382 584 matione
413 552 598 595 apostolica,
623 552 668 584 vel
704 552 812 596 quavis
842 551 989 584 firmitate

245 604 306 637 alia
326 605 491 645 roboratis,
505 605 627 639 statutis
645 611 673 637 et
699 604 989 645 consuetudinibus,

244 658 418 702 privilegiis
436 669 571 702 quoque,
591 658 718 691 indultis
736 664 765 692 et
782 659 895 691 litteris
915 669 989 702 apo-

244 712 363 745 stolicis
380 711 410 744 in
428 712 622 745 contrarium
643 712 894 756 praemissorum
914 723 989 756 quo-

245 765 416 798 modolibet
441 765 607 806 concessis,
629 765 822 799 confirmatis
844 771 870 798 et
899 765 988 799 inno-

244 818 336 858 vatis;
354 819 468 862 quibus
489 819 637 852 omnibus
655 824 683 851 et
701 819 845 862 singulis,
860 819 986 851 illorum

245 876 369 905 tenores
394 872 613 915 praesentibus
639 882 697 916 pro
727 872 819 916 plene
849 877 877 904 et
903 872 987 905 suffi-

244 925 362 958 cienter
383 926 540 969 expressis
565 936 599 959 ac
620 925 657 958 de
677 925 772 958 verbo
795 925 833 958 ad
855 925 985 958 verbum

243 978 367 1012 insertis
385 979 546 1020 habentes,
566 978 626 1011 illis
644 978 719 1010 alias
738 979 767 1011 in
793 989 849 1012 suo
870 978 986 1011 robore

242 1033 472 1076 permansuris,
499 1033 536 1066 ad
558 1034 807 1077 praemissorum
827 1032 985 1072 effectum,

242 1086 301 1118 hac
326 1086 392 1120 vice
412 1086 583 1128 dumtaxat,
602 1087 780 1131 specialiter
794 1092 823 1119 et
837 1096 985 1130 expresse

241 1139 441 1184 derogamus3
460 1142 637 1185 ceterisque
662 1141 829 1174 contrariis
853 1141 985 1184 quibus-

242 1203 386 1237 cumque.

285 1247 395 1280 Datum
422 1248 556 1288 Romae,
583 1248 667 1292 apud
697 1248 726 1281 S.
756 1248 894 1287 Petrum,
926 1247 983 1279 sub

240 1301 355 1333 annulo
370 1301 606 1343 Piscatoi·is,die
630 1312 688 1334 xxx
710 1301 813 1333 martii
832 1311 983 1339 rinervttt,
1000 1315 1001 1320 ¹

1000 1392 1001 1400 ἵ
1018 1358 1108 1395 stant,
1125 1359 1241 1385 certam
1262 1354 1408 1386 frumenti
1427 1364 1461 1386 ac
1480 1354 1540 1386 vini
1555 1354 1760 1397 quantitatem

1000 1401 1243 1447 }coustituerent
1264 1407 1301 1440 ad
1324 1408 1476 1441 rationem
1502 1408 1636 1440 duorum
1664 1407 1757 1440 iulio-

999 1453 1087 1493 *rum
1115 1467 1259 1494 monetae
1291 1472 1440 1495 romanae
1474 1462 1503 1494 in
1529 1462 1670 1504 singulos
1695 1462 1761 1494 dies

240 1353 441 1396 pontificatus
455 1355 552 1387 nostri
575 1365 657 1387 anno
672 1365 715 1388 111.

276 1415 333 1443 Dat⁴
355 1417 399 1444 die
420 1417 453 1443 20
473 1417 562 1444 martii
583 1418 658 1451 1638,
681 1417 778 1453 pontif.
795 1425 865 1443 anuo
882 1423 918 1443 ιιι.

551 1560 672 1593 CXClY.

241 1638 303 1672 Pro
327 1639 435 1683 quiete
451 1643 479 1672 el
500 1640 647 1672 ulilitate
669 1639 862 1673 monialium
886 1639 982 1672 Urbis

282 1693 489 1736 reqularium
515 1704 611 1726 curae
634 1693 861 1726 subiectarum.

433 1774 597 1801 Alexander
623 1775 701 1807 Papa
722 1774 785 1805 vu,

361 1819 397 1845 ad
417 1821 591 1852 perpetuam
611 1819 655 1845 rei
676 1819 857 1846 memoriam.

282 1890 481 1922 Sacrosaneti
507 1890 699 1934 apostolatus
731 1890 825 1923 officii
852 1889 978 1922 luunili-

239 1943 293 1976 tati
312 1948 439 1976 nostrae
461 1954 516 1987 per
537 1943 758 1976 abundantiam
777 1942 901 1975 divinae
922 1943 979 1975 bo-

238 1996 342 2032 nitatis
367 1997 503 2040 impositi
530 1997 670 2030 debitum
696 1996 848 2040 exposcit,
866 2002 909 2035 ut,
929 2007 980 2041 pa-

238 2055 357 2083 ternam
394 2049 579 2083 dilectarum
617 2050 752 2082 siliarum
793 2050 997 2083 monialium¹

238 2103 500 2137 monasteriorum
515 2104 615 2136 almae
630 2103 722 2136 Urbis
735 2109 872 2145 nostrae,
887 2114 977 2148 quae,

189 2150 192 2153 ⁴
237 2157 427 2201 contemptis
451 2157 546 2190 seculi
574 2157 739 2200 illecebris,
767 2157 888 2191 Domini
915 2167 974 2190 no-

237 2210 291 2243 stri
306 2211 377 2244 lesu
395 2210 524 2244 Cuntsr1
548 2211 709 2255 obsequiis
727 2221 794 2244 sese
811 2211 869 2244 sul)
891 2211 976 2244 suavi

238 2263 399 2306 religionis
424 2264 498 2307 iugo
528 2264 759 2308 manciparunt,
786 2274 894 2296 euram
922 2275 976 2307 ge-

237 2321 351 2357 rentes,
379 2317 440 2357 illa,
466 2327 545 2361 quae
570 2328 678 2350 earum
704 2317 811 2361 quieti,
834 2317 976 2349 utilitati-

236 2369 358 2413 busque
376 2370 614 2414 quomodolibet
627 2370 737 2403 obesse
754 2370 976 2414 conspicimus,

237 2423 388 2467 peculiari
403 2423 507 2456 studio
525 2434 689 2456 removere
708 2429 898 2467 satagamus.

281 2477 295 2519 ξ
321 2476 348 2509 sl.
377 2477 457 2510 Alias
483 2477 648 2521 siquidem,
675 2488 733 2521 pro
758 2477 862 2521 quiete
887 2483 915 2510 et
935 2478 975 2509 se-

236 2529 285 2563 lici
320 2530 493 2564 directione
530 2531 812 2564 sanctimonialium
844 2531 971 2574 regula-

236 2584 323 2618 ribus
344 2585 569 2625 subieijaarum,
587 2585 714 2629 providi¹
733 2584 770 2617 ab
793 2584 849 2617 liae
869 2587 974 2618 saneta

235 2637 312 2671 Sede
338 2643 485 2672 statutum
506 2639 570 2673 suit.
589 2649 627 2671 ue
653 2640 858 2676 consessores,
884 2650 974 2683 supe-

1674 227 1732 260 3]ιὶ

1026 284 1165 317 rioresve
1183 284 1409 328 cuiuscumque
1429 285 1556 328 gradus,
1580 285 1766 323 visitatores,

1025 347 1200 381 eorumque
1217 337 1304 379 socii,
1325 338 1572 378 concionatores,
1591 338 1704 381 aliique
1722 348 1766 370 re-

1024 390 1150 433 gulares
1167 390 1370 434 quicumque,
1386 392 1617 424 confessionum
1640 401 1767 433 genera·

1024 443 1111 483 lium,
1136 443 1361 484 visitationum,
1387 445 1586 480 concionum,
1607 445 1764 477 aliorum-

1023 507 1084 540 que
1109 497 1333 529 exercitiorum
1359 497 1484 537 intuitu,
1503 508 1556 530 seu
1575 498 1685 541 quovis
1705 498 1766 530 alio

1022 554 1195 594 praetextu,
1209 550 1290 594 apud
1309 551 1491 583 earumdem
1511 552 1699 584 monasteria
1715 562 1767 583 ne-

1023 603 1097 636 dum
1122 609 1328 647 pernoctare,
1360 614 1469 636 verum
1495 614 1596 648 neque
1621 605 1764 638 refectio-

1023 667 1093 689 nem
1123 662 1175 690 aut
1201 657 1305 690 cibum
1332 668 1457 690 sumere
1481 663 1619 701 possent,
1644 658 1702 690 nisi
1728 668 1763 690 ex

1022 710 1146 752 urgenti
1172 711 1358 744 necessitate
1382 710 1420 742 ab
1445 710 1612 743 Ordinario
1637 711 1667 742 in
1693 711 1766 743 scri-

1022 764 1082 806 ptis
1107 763 1325 807 approbanda,
1342 769 1370 796 et
1388 767 1460 797 tunc
1486 763 1624 806 quidem,
1642 764 1764 796 nonnisi

1023 816 1054 848 in
1075 816 1291 850 mansionibus
1305 828 1321 849 a
1339 817 1604 850 monasteriorum
1620 817 1765 849 clausura

1022 869 1220 910 distantibus,
1240 881 1274 902 ae
1300 881 1432 914 prorsus
1457 870 1639 913 segregatis.
1666 870 1761 902 Prae-

1022 927 1106 957 terea
1124 925 1315 958 monialibus
1340 925 1535 969 prohibitum
1554 930 1609 964 est,
1628 934 1665 957 ne
1683 924 1765 956 diur-

1020 987 1095 1010 num
1123 978 1251 1019 victum⁷
1272 989 1326 1011 seu
1352 978 1565 1017 refectionem,
1583 978 1705 1010 statutis
1727 978 1764 1009 ad

1020 1030 1196 1064 functiones
1222 1032 1399 1076 praedictas
1424 1032 1545 1073 diebus,
1562 1032 1693 1075 aliisque
1710 1042 1764 1064 oe-

1023 1084 1202 1117 easionibus
1227 1085 1394 1118 ordinariis
1419 1096 1472 1118 seu
1499 1085 1764 1123 extraordinariis,

1021 1138 1083 1170 imo
1107 1148 1210 1183 neque
1235 1139 1349 1171 lineam
1369 1139 1502 1172 aliamve
1530 1150 1763 1183 quamcumque

1000 1236 1002 1239 ι
1019 1192 1245 1235 supellectilem
1266 1193 1453 1237 supradietis
1472 1194 1670 1237 regularibus
1688 1194 1762 1226 sub-

1000 1244 1002 1259 ³
1020 1245 1247 1285 ministrarent,
1261 1247 1313 1279 sed
1328 1257 1386 1290 pro
1401 1258 1509 1280 eorurn
1525 1247 1760 1284 sustentatione,

1021 1299 1135 1331 intuitu
1154 1300 1274 1332 servitii
1301 1311 1354 1332 seu
1378 1301 1541 1333 ministerii
1571 1301 1654 1344 quod
1676 1311 1762 1344 prae-

1018 1515 1183 1548 ministerii
1202 1516 1393 1557 huiusmodi⁷
1412 1516 1672 1560 prociu'atoribus
1689 1526 1760 1548 con-

1018 1572 1165 1602 ventuum
1199 1569 1339 1613 ipsorum
1367 1570 1559 1613 regularium
1586 1570 1760 1614 respective

1016 1623 1248 1665 assignandam.
1270 1624 1403 1656 Velitum
1426 1634 1550 1667 quoque
1575 1624 1629 1656 suit
1656 1634 1761 1657 mona-

1016 1675 1119 1709 steriis
1136 1686 1171 1709 ac
1189 1676 1376 1708 monialibus
1395 1678 1605 1710 communiter
1622 1678 1669 1710 vel
1699 1677 1759 1721 pri-

1017 1729 1120 1771 vatim,
1146 1741 1345 1774 quocumque
1371 1731 1428 1764 sub
1454 1737 1637 1775 praetextu,
1664 1732 1756 1763 etiam

1016 1782 1243 1828 eleemosynae,
1269 1789 1462 1828 sumptuum,
1490 1785 1535 1817 vel
1569 1785 1755 1817 celebratio<

1016 1845 1090 1868 num
1119 1837 1308 1877 missarum,
1334 1837 1432 1869 aliove
1455 1838 1561 1879 titulo,
1586 1838 1756 1882 praedictis

1016 1889 1215 1932 regularibus
1248 1890 1418 1934 quidquam
1453 1891 1608 1930 tribuere,
1634 1892 1756 1924 tametsi

1014 1943 1196 1987 superiores
1222 1950 1334 1985 esseut,
1360 1950 1387 1976 et
1416 1945 1443 1976 in
1470 1948 1539 1978 aetu
1574 1945 1757 1978 visitationis

1015 2003 1224 2030 versarentur.

1058 2052 1072 2095 ξ
1098 2051 1125 2083 ’2.
1152 2051 1230 2091 Quin
1257 2052 1349 2084 etiam
1371 2053 1612 2097 quamplurimis
1637 2059 1757 2098 aposto-

1013 2103 1082 2136 licis
1116 2105 1392 2138 constitutionibus
1427 2106 1622 2139 interibi-itur
1652 2108 1757 2140 liuius-

1013 2158 1096 2191 modi
1123 2159 1322 2201 regularibus
1355 2170 1497 2193 accessus
1533 2160 1570 2193 ad
1603 2162 1756 2195 locutoria

1012 2211 1309 2249 sanctimonialium,
1328 2223 1448 2246 necnon
1476 2225 1545 2246 cum
1566 2214 1682 2247 eisdem
1702 2216 1756 2248 mi-

1012 2276 1098 2297 seere
1116 2266 1272 2310 colloquia
1291 2267 1327 2298 ad
1347 2273 1457 2307 crates,
1476 2273 1569 2310 rotas,
1588 2274 1704 2311 portas,
1726 2275 1756 2301 et

1011 2319 1121 2363 quovis
1146 2320 1206 2352 alio
1240 2320 1268 2352 iu
1303 2320 1394 2359 loeo,
1427 2321 1484 2354 sub
1510 2322 1619 2365 poenis
1645 2322 1751 2365 priva—

1012 2372 1103 2405 tionis
1132 2373 1217 2405 voeis
1246 2374 1364 2406 activae
1385 2380 1414 2406 ot
1446 2375 1596 2418 passivae,
1622 2375 1753 2418 aliisque.

1011 2426 1102 2458 etiam
1125 2426 1324 2468 gravioribus
1346 2438 1402 2471 pro
1429 2438 1534 2460 rerum
1559 2433 1753 2471 temporum-

1010 2490 1069 2523 que
1095 2481 1327 2524 opportunitate
1355 2481 1495 2521 inflictis,
1521 2492 1591 2513 cum
1618 2482 1753 2514 deelara-

1011 2533 1103 2575 tione,
1122 2534 1206 2577 quod
1225 2534 1349 2567 casdem
1367 2545 1491 2579 quoquc
1512 2546 1627 2579 poenas
1649 2536 1753 2568 ineur-

1010 2591 1078 2621 rant
1096 2588 1291 2621 confessores
1309 2588 1460 2622 ordinarii
1486 2595 1515 2621 et
1540 2589 1753 2623 extraordina-

1010 2642 1057 2676 rii,
1080 2642 1336 2675 continuator-³0.
1368 2642 1547 2685 superiores
1576 2644 1751 2677 euiitsrum-

1786 238 1832 262 Αη.
1851 237 1878 263 C.
1902 238 1966 264 1658

1799 2062 1894 2088 tlulloqui
1908 2068 1954 2083 cum

1771 2089 1898 2110 monialibus
1925 2096 1954 2111 tn-

1770 2116 1863 2136 terdtcil.
