2243 3205
32 225 79 252 An.
95 221 122 247 C.
146 220 211 247 tflflt]

96 1240 205 1261 Decretum

31 1267 85 1290 Pauli
101 1267 116 1288 V
131 1274 143 1287 a
158 1267 204 1288 Gre-

43 1299 84 1316 orto
101 1294 135 1315 XV
159 1300 206 1315 cou-

87 1323 133 1342 tum.

60 2252 168 2283 Stupensio
176 2255 210 2275 ‹te-

37 2282 96 2301 tra-lto
106 2282 200 2307 praes-iti.

819 221 1005 247 ALEXANDER
1029 221 1075 246 vn
1097 223 1146 247 Pr.

220 268 364 308 nasteria,
383 279 555 313 eorumque
576 270 766 314 superiores,
789 270 962 304 abbatissas

220 331 275 355 seu
292 322 459 366 priorissas
477 333 512 356 ac
540 323 704 364 moniales,
733 327 763 357 et
791 324 866 356 alias
895 334 963 368 per-

220 385 312 409 sonas
329 376 359 408 in
377 376 421 410 eis
435 376 584 420 degentes
602 378 727 411 visitare
744 383 849 422 posset
867 383 897 411 et
915 389 963 410 va-

220 429 316 470 leret,
335 429 372 462 ad
396 430 706 474 SedisApostolicae
731 431 960 475 beneplacitum

220 482 354 516 subiecit
372 489 401 516 et
417 483 581 527 supposuit
595 494 652 527 per
666 485 741 517 alias
758 495 830 517 suas
846 485 964 528 pariter

221 535 251 567 in
277 536 377 569 forma
402 536 509 569 Brevis
540 537 591 570 die
625 547 689 570 xvu
714 538 822 581 aprilis
846 548 963 572 itincxtv

221 595 379 622 emanatas
404 590 532 631 litteras,
550 601 638 634 quaS,
656 601 777 624 necnon
804 592 909 624 omnia
935 597 964 624 et

220 643 343 687 singula
361 643 392 676 in
410 644 454 677 eis
472 650 627 685 contenta,
646 645 778 678 subinde
799 646 882 689 (cum
902 646 963 678 cla-

221 707 274 730 rae
294 697 466 730 memoriae
484 697 659 730 Ludovicus
675 697 761 731 Xlll¹
781 704 854 731 tune
879 703 961 731 tem-

220 750 307 793 poris
332 746 527 784 Francorum
554 761 606 783 rex
633 751 912 784 christianissimus
937 751 964 784 ei

220 804 332 848 exponi
358 804 481 837 fecisset
508 804 625 837 dictum
654 805 781 837 Petrum
817 805 964 848 regimini

220 863 250 890 et
267 857 422 900 gubernio
441 858 625 891 monialium
644 858 876 902 praedictarum
893 869 963 891 cum

221 911 321 943 multo
339 911 463 943 illarum
489 911 643 955 spirituali
662 912 765 945 fructu
783 923 818 946 ac
839 913 964 946 christi-

220 964 360 997 fidelium
386 965 602 999 aedificatione
624 967 794 1010 vacavisse)
812 967 966 1010 approba-

221 1020 263 1053 vit
287 1026 316 1053 et
341 1020 549 1061 confirmavit,
567 1026 596 1053 et
613 1020 688 1053 alias
708 1026 801 1064 prout
820 1020 850 1052 in
869 1020 965 1064 ipsius

221 1073 305 1106 Pauli
325 1073 576 1118 praedecessoris
593 1074 705 1106 litteris
720 1074 855 1118 desuper
871 1073 964 1106 etiam

220 1127 251 1160 in
276 1128 378 1160 forma
404 1127 510 1160 Brevis
528 1127 578 1160 die
598 1137 650 1160 xtv
669 1127 770 1160 martii
789 1137 896 1161 Mncxx
914 1137 963 1160 ex-

220 1181 333 1226 peditis
358 1181 482 1225 plenius
507 1181 695 1214 continetur.

266 1235 302 1268 Et
326 1234 468 1275 subinde,
489 1239 617 1278 accepto
641 1245 698 1278 per
719 1234 864 1268 eumdem
885 1234 964 1267 Pau-

221 1288 285 1320 lum
319 1287 614 1331 praedecessorem,
640 1288 723 1331 quod
752 1288 818 1321 eius
843 1287 965 1320 litterae

221 1341 401 1385 praedictae
418 1351 479 1374 non
495 1341 595 1374 solum
614 1352 677 1374 non
695 1342 890 1382 observatae,
912 1341 965 1374 sed

221 1395 372 1428 nonnulla
390 1395 493 1438 potius
510 1400 618 1428 contra
634 1406 742 1427 earum
762 1399 903 1428 tenorem
925 1399 966 1427 at-

222 1452 339 1481 tentata
363 1448 496 1488 fuerant,
514 1459 584 1481 cum
612 1448 678 1492 ipse
704 1448 817 1481 Paulus
835 1448 963 1492 praede.-

223 1512 340 1543 cessor,
365 1501 402 1535 de
428 1502 475 1543 iis,
501 1513 579 1546 quae
597 1513 614 1534 a
634 1502 790 1536 dictorum
814 1507 966 1535 monaste-

224 1555 346 1589 riorum
373 1555 562 1588 monialibus
585 1555 625 1591 ‚ad
650 1566 740 1588 suum
767 1555 906 1588 favorem
924 1555 967 1588 al-

223 1608 418 1651 legabantur,
436 1618 558 1641 necnon
580 1609 617 1641 de
634 1609 809 1652 praetensis
834 1608 965 1642 fratrum

222 1661 362 1695 eiusdem
383 1662 508 1695 Ordinis
525 1662 790 1696 Discalceatorum
808 1672 967 1706 nuncupa-

222 1720 326 1749 torum
353 1715 474 1748 iuribus
493 1715 690 1757 informatus,
707 1716 831 1749 easdem
847 1716 966 1748 litteras

222 1769 314 1803 certis
340 1768 434 1802 modo
452 1774 481 1802 et
502 1769 603 1802 forma
629 1769 839 1803 observandas
863 1769 968 1802 decre-

221 1822 339 1864 visset,
370 1823 612 1867 superveniente
645 1834 719 1857 vero
750 1823 833 1856 illius
858 1823 966 1864 obitu,

222 1876 344 1909 litterae
362 1876 498 1921 desuper
512 1876 672 1921 expeditae
686 1887 749 1910 non
764 1877 904 1918 fuissent,
918 1888 967 1910 re-

222 1930 372 1963 colendae
409 1930 582 1964 memoriae
611 1931 783 1974 Gregorius
808 1931 892 1975 Papa
915 1931 965 1964 XV

223 1983 315 2017 etiam
341 1983 569 2027 praedecessor
604 1988 710 2018 noster
735 1994 792 2028 per
816 1984 965 2028 quasdam

222 2045 294 2068 suas
319 2035 350 2068 in
376 2035 425 2069 die
450 2046 491 2069 xx
518 2036 621 2069 martii
647 2047 765 2070 iuncxxi
790 2036 967 2080 expeditas,

223 2089 400 2133 praedictas
425 2089 511 2122 Pauli
543 2089 795 2134 praedecessoris
826 2090 967 2131 litteras,

224 2143 394 2189 omniaque
411 2149 441 2176 et
458 2143 581 2186 singula
599 2143 629 2176 in
648 2144 692 2177 eis
705 2148 859 2186 contenta,
874 2144 967 2177 etiam

224 2197 410 2241 approbavit
435 2203 464 2230 et
493 2197 700 2231 confirmavit.

268 2250 385 2284 Deinde
420 2261 494 2285 vero
530 2252 559 2285 S.
589 2251 730 2295 losephi‚
763 2262 885 2285 necnon
918 2252 969 2284 As-

224 2304 412 2348 sumptionis
437 2304 468 2337 B.
494 2304 664 2348 Margitae⁹
689 2305 820 2348 virginis
845 2304 969 2337 Burde-

224 2357 360 2400 galensis
377 2385 384 2398 ,
409 2368 444 2391 ac
468 2358 574 2391 Matris
606 2358 659 2390 Dei
692 2358 913 2398 Santonensis,
940 2363 969 2391 et

225 2410 254 2444 S.
268 2411 374 2444 Matris
391 2411 444 2443 Dei
463 2411 678 2453 Bituricensis,
696 2422 732 2444 ac
753 2411 892 2444 eiusdem
910 2411 969 2444 Ma-

225 2465 280 2498 tris
297 2464 350 2497 Dei
365 2465 596 2498 Lemovicensis
622 2466 887 2499 monasteriorum
907 2475 970 2497 mo-

225 2517 353 2550 nialium
372 2517 628 2551 Excalceatarum
649 2518 776 2551 nomine
797 2518 854 2551 sibi
876 2528 969 2562 expo-

262 2590 271 2613 1
291 2588 362 2615 Male
378 2588 421 2615 ed.
439 2588 522 2616 Main.
540 2589 605 2624 legit
622 2589 804 2623 V111(n.†.).

260 2632 277 2659 2
296 2632 337 2659 Sic
353 2632 395 2659 ed.
413 2633 504 2663 Maius,
519 2633 608 2660 forsan
628 2634 658 2660 R.
675 2634 790 2660 Mariae
810 2634 846 2669 [n.
864 2634 912 2669 τ.).

1647 216 1704 249 att

995 271 1065 311 sito,
1085 271 1169 315 quod
1187 271 1272 315 ipsae
1294 283 1388 317 super
1407 273 1454 314 iis,
1472 284 1552 318 quae
1573 274 1611 307 ad
1630 285 1737 307 earum

995 325 1133 358 savorem
1171 325 1253 358 circa
1290 327 1462 370 praemissa
1499 327 1609 361 adduci
1647 339 1740 372 posse

998 378 1242 421 praetendebant
1256 380 1447 414 sufficienter
1460 381 1582 414 auditae
1598 392 1660 415 non
1679 382 1741 414 fue-

997 436 1076 473 rant,
1098 437 1128 464 et
1153 437 1321 476 propterea
1339 433 1458 466 litteras
1476 434 1651 478 praedictas
1670 435 1740 467 sub-

997 485 1138 529 reptitias
1163 496 1241 528 esse,
1263 492 1291 518 et
1313 486 1524 530 subreptionis
1555 488 1628 521 vitio
1661 488 1737 520 sub-

998 539 1100 571 iacere
1129 539 1358 582 allegaverant,
1379 550 1474 584 seque
1500 542 1611 574 iterum
1638 542 1739 574 audiri

998 592 1226 635 desiderabant,
1240 593 1305 636 ipse
1318 593 1489 637 Gregorius
1506 595 1740 638 praedecessor,

998 656 1036 678 ne
1055 645 1179 678 interim
1199 651 1259 678 tam
1277 646 1436 690 praedicta
1454 658 1547 691 quam
1566 648 1658 680 etiam
1681 649 1741 681 loci

998 699 1036 732 de
1052 699 1181 732 Morlaix
1200 699 1369 733 Leonensis
1387 700 1539 733 dioecesis
1557 702 1739 734 monialium

999 753 1229 796 praedictarum
1249 754 1449 794 monasteria,
1467 754 1507 787 ob
1524 754 1741 795 dissentiones,

999 806 1171 839 discordias
1197 813 1226 839 et
1250 807 1480 840 controversias
1513 807 1583 840 inde
1609 814 1741 850 exortas,

999 860 1102 903 aliqua
1120 860 1150 892 in
1168 860 1384 904 spiritualibus
1401 866 1431 893 et
1451 861 1677 904 temporalibus
1695 862 1744 894 de-

1000 913 1148 946 trimenta
1167 919 1350 957 paterentur
1366 914 1534 958 providere
1554 916 1669 955 rolens,
1685 926 1743 958 per

999 967 1075 999 alias
1099 977 1171 1000 suas
1186 967 1236 999 die
1254 978 1309 1001 xxv
1328 968 1459 1001 ianuarii
1486 968 1633 1002 Μῡωυειι1
1651 979 1743 1012 expe-

1000 1019 1079 1051 ditas
1104 1020 1233 1062 litteras,
1255 1031 1375 1061 euram,
1393 1021 1535 1064 regimen
1561 1027 1590 1054 et
1616 1022 1744 1054 admini-

999 1073 1180 1107 strationem
1223 1074 1493 1108 ultimodictorum
1531 1076 1739 1109 monasterio—

1001 1138 1081 1167 rum,
1098 1127 1287 1171 illorumque
1313 1127 1509 1168 monialium,
1526 1139 1561 1161 ac
1587 1139 1693 1161 rerum
1715 1135 1743 1161 et

1000 1180 1177 1221 bonorum,
1204 1186 1264 1213 tam
1291 1181 1321 1213 in
1347 1181 1564 1224 spiritualibus
1593 1193 1685 1226 quam
1713 1182 1743 1214 in

1000 1235 1244 1277 temporalibus,
1271 1238 1343 1268 tunc
1368 1241 1397 1267 et
1420 1246 1479 1278 pro
1506 1239 1647 1279 tempore
1673 1236 1739 1268 exi-

1000 1288 1091 1319 stenti
1128 1288 1229 1320 dictae
1265 1288 1526 1331 Congregationis
1561 1289 1742 1332 praeposito

999 1342 1138 1383 generali
1165 1347 1194 1374 et
1219 1342 1367 1374 fratribus
1392 1342 1589 1376 Discalceatis
1621 1342 1745 1386 praedi-

1000 1394 1057 1427 ctis
1082 1395 1256 1438 respective
1282 1406 1339 1438 per
1363 1395 1539 1439 praedictas
1565 1401 1594 1428 et
1619 1396 1744 1439 quasvis

1000 1448 1075 1481 alias
1100 1449 1219 1482 litteras
1244 1450 1432 1492 apostolicas
1451 1455 1511 1482 tam
1530 1449 1587 1482 sub
1612 1450 1743 1493 plumbo

1000 1513 1093 1545 quam
1121 1502 1150 1534 in
1177 1503 1277 1535 forma
1296 1503 1402 1535 Brevis
1420 1503 1578 1547 expeditas
1597 1504 1655 1535 sub
1676 1504 1744 1546 qui-

999 1555 1196 1599 buscumque
1221 1556 1382 1588 tenoribus
1408 1562 1437 1588 et
1463 1557 1572 1589 t'ormis
1597 1567 1744 1589 concessa

1001 1613 1029 1640 et
1055 1608 1251 1649 demandata,
1277 1609 1314 1641 ad
1340 1620 1430 1641 suum
1451 1615 1477 1642 et
1500 1609 1588 1644 Sedis
1613 1612 1745 1653 Aposto-

1001 1662 1079 1695 lieae
1109 1663 1265 1706 praefatae
1298 1663 1527 1707 beneplacitum
1561 1664 1743 1706 suspendit,

1001 1716 1131 1760 ipsaque
1164 1716 1358 1749 ultimodieta
1388 1717 1598 1759 monasteria,
1618 1727 1744 1750 eorum-

1001 1780 1061 1812 que
1088 1769 1249 1809 moniales,
1279 1780 1328 1802 res
1354 1775 1383 1803 et
1408 1771 1490 1803 bona
1515 1781 1743 1814 quaecumque,

1002 1829 1063 1855 tam
1080 1823 1108 1854 in
1124 1823 1339 1866 spiritualibus
1353 1834 1445 1867 quam
1463 1823 1492 1855 in
1508 1824 1744 1867 temporalibus,

1002 1876 1201 1910 omnimodae
1235 1877 1547 1921 archiepiscoporum
1586 1877 1741 1919 Burdiga-

1002 1930 1096 1963 lensis
1121 1936 1150 1963 et
1175 1931 1377 1963 Bituricensis
1396 1936 1425 1964 et
1445 1931 1654 1975 quorumdam
1673 1932 1745 1963 alio-

1002 1995 1072 2016 rum
1098 1984 1321 2028 episcoporum
1348 1995 1452 2025 curae,
1475 1985 1618 2028 regimini
1640 1990 1666 2017 et
1696 1985 1745 2017 ad>

1003 2038 1236 2079 ministrationi,
1254 2039 1461 2072 iurisdictioni
1481 2045 1509 2072 et
1529 2040 1743 2083 superioritati

1003 2091 1127 2124 interim
1154 2092 1320 2136 supposuit
1340 2098 1369 2125 et
1390 2092 1530 2126 subiecit,
1550 2093 1585 2125 Et
1609 2099 1744 2137 postmo-

1002 2144 1075 2176 dum
1103 2144 1184 2177 idem
1210 2145 1382 2188 Gregorius
1408 2146 1641 2189 praedecessor,
1664 2146 1745 2179 sufli-

984 2197 1122 2230 'eienter
1150 2198 1264 2230 auditis
1296 2199 1478 2231 monialium
1511 2199 1742 2243 praedictarum

1003 2251 1275 2294 procuratoribus,
1286 2258 1315 2284 et
1329 2253 1513 2285 examinatis
1528 2253 1641 2285 iterum
1654 2254 1744 2296 plene

1002 2304 1175 2347 praetensis
1199 2305 1355 2338 dictorum
1382 2306 1513 2339 fratrum
1541 2306 1671 2348 iuribus,
1698 2317 1745 2339 ae-

1003 2363 1157 2402 ceptoque
1190 2358 1274 2402 quod
1308 2359 1374 2392 eius
1411 2359 1532 2392 litterae
1564 2360 1743 2403 praedictae

1002 2411 1051 2443 die
1068 2410 1145 2444 xttt²
1169 2412 1301 2444 ianuarii
1327 2413 1485 2445 consectae
1511 2413 1686 2447 executioni
1715 2415 1743 2446 in

1003 2468 1100 2498 totum
1127 2465 1164 2497 dc
1194 2465 1339 2499 mandalo
1369 2466 1465 2509 ipsius
1493 2467 1637 2509 Gregorii
1660 2478 1744 2511 prae-

1002 2518 1176 2552 decessoris
1201 2518 1405 2552 demandatae
1431 2520 1491 2552 iam
1517 2522 1648 2562 fuerant,
1670 2532 1739 2553 eas-

1039 2590 1048 2615 1
1072 2589 1138 2617 Male
1154 2589 1219 2617 edit.
1236 2590 1315 2618 Main.
1331 2590 1395 2626 legit
1412 2591 1539 2626 112201.
1557 2594 1605 2628 r).

1036 2634 1051 2660 ⁶2
1069 2634 1221 2670 Legendum
1239 2635 1344 2662 videtur
1360 2635 1404 2670 14,
1421 2640 1448 2663 ut
1464 2642 1524 2663 ante
1541 2642 1565 2664 et
1582 2643 1641 2674 post
1656 2640 1742 2674 (n.T.).

1757 227 1806 252 An.
1824 227 1851 253 C.
1876 227 1943 253 1660
