2243 3205
869 171 968 196 nvnnx
991 171 1098 195 annun
1645 162 1704 195 811

217 224 442 259 Universitates
466 235 646 269 cauponum
671 234 726 257 seu
750 223 909 268 hospitum
935 230 964 258 et
988 225 1225 267 albergatorum
1258 225 1353 258 Urbis
1385 225 1521 258 unionis
1549 230 1748 258 contractum

307 277 450 311 efficiunt
475 289 491 310 a
516 277 648 311 Summo
673 277 825 311 Pontifice
850 277 1082 321 approbatum,
1108 276 1167 309 :381
1197 278 1213 308 b
1238 284 1267 310 et
1293 290 1356 321 seq.

221 332 418 366 Universitati
444 337 656 365 mercatorum
683 331 897 365 fundacalium
924 331 962 364 de
994 330 1075 363 Urbe
1101 330 1299 373 privilegium
1330 332 1535 375 praelationis
1568 331 1755 365 conceditur

307 396 409 428 usque
439 385 478 418 ad
503 396 660 419 summam
690 390 855 418 scutorum
881 384 1056 417 ducentum
1081 384 1315 427 quinquaginta
1340 396 1435 429 super
1461 386 1538 419 alios
1564 385 1752 426 creditores,

308 437 371 472 686
397 439 414 471 b
439 444 469 472 et
493 450 553 483 seq.
831 470 833 472 .

219 491 365 524 Urbanus
390 492 455 525 VIII
480 502 537 536 pro
563 491 770 525 missionibus
794 490 995 532 Hollandiae,
1023 489 1098 523 2:311.

218 544 329 578 Urbini
354 546 417 579 dux
447 551 626 589 postremus
653 545 837 578 Franciscus
861 544 959 577 Maria
990 550 1181 578 testamento
1207 556 1295 579 suam
1321 547 1551 580 bibliothecam
1578 548 1661 590 legat
1692 546 1751 590 ipsi

308 599 418 632 Urbini
444 598 581 640 civitati,
608 597 670 632 287
702 610 740 639 ας
767 609 848 643 quae
873 599 1007 632 Romam
1033 601 1221 633 transfertur
1246 607 1275 633 et
1301 600 1474 633 collocatur
1499 600 1529 633 in
1560 599 1756 634 bibliotheca

300 653 472 694 (Vaticana,
499 652 577 685 ibid.

979 755 1003 792 V

219 864 389 901 Valentino
413 867 567 912 prioratui
593 866 716 901 Ordinis
739 866 769 900 S.
795 865 910 899 Mariae
931 865 970 899 de
987 865 1140 898 Montesia
1157 866 1279 898 fructus
1296 865 1512 909 assignantur,
1531 863 1592 897 759
1612 864 1627 895 b
1644 870 1674 898 et
1692 874 1755 908 seq.

220 921 482 955 Vallisoletanum
508 921 738 954 monasterium
763 919 889 953 Ordinis
914 918 944 952 S.
973 918 1146 959 Benedicti,
1173 918 1237 951 340
1263 929 1300 955 a:
1326 918 1525 951 interdicitur
1546 917 1673 950 cuilibet
1694 928 1759 950 mo-

309 975 401 1008 nachi
426 974 501 1008 dicti
531 974 713 1008 monasterii
739 979 846 1017 petere
870 979 900 1006 et
931 972 1122 1006 contendere
1147 973 1185 1005 de
1210 973 1369 1006 cathedris
1396 973 1426 1005 in
1457 971 1663 1006 universitate
1690 971 1757 1004 Valv

309 1027 485 1069 tisotetana,
510 1028 585 1061 ibid.

220 1079 315 1115 Vallis
339 1079 517 1115 Umbrosae
538 1088 568 1114 et
589 1080 773 1114 Silvestrina
797 1078 1061 1123 congregationes
1085 1079 1243 1112 uniuntur
1268 1079 1300 1111 in
1326 1089 1444 1118 unam,
1472 1077 1534 1111 776
1560 1077 1576 1109 b
1599 1084 1630 1111 et
1654 1088 1713 1122 seq.

220 1135 357 1169 vallium
381 1134 581 1168 Pedemontii
608 1133 757 1168 catholici
782 1134 1026 1167 necessitatibus
1051 1139 1219 1176 urgentur,
1246 1131 1287 1166 88
1313 1133 1348 1172 ἶν’,
1381 1143 1439 1176 pro
1473 1132 1549 1175 ipsis
1583 1132 1759 1175 imponitur
1785 1148 1788 1151 >

309 1188 487 1222 subsidium
514 1199 610 1232 super
633 1188 727 1221 honis
751 1187 986 1229 ecclesiasticis,
1012 1187 1091 1220 ibat.
1119 1193 1150 1220 et
1174 1198 1236 1231 seq,

220 1241 356 1276 Vaussin
382 1242 531 1277 Claudius
556 1241 628 1275 vide
652 1241 802 1276 Claudius
826 1241 970 1274 Vaussin.

220 1296 336 1330 Veneta
368 1295 571 1339 Respublica.
600 1295 661 1338 lpsi
693 1294 916 1329 conceduntur
939 1295 1024 1327 bona
1048 1293 1312 1337 Congregationis
1343 1293 1373 1325 S.
1402 1292 1538 1336 Spiritus
1571 1302 1759 1336 suppressae

308 1359 366 1393 pro
383 1348 524 1382 subsidio
542 1354 652 1381 contra
679 1349 809 1388 Tureas,
829 1348 891 1381 178
917 1349 951 1389 b;
976 1348 1156 1381 subsidittm
1175 1347 1424 1380 ecclesiasticum
1443 1346 1546 1379 eidem
1567 1345 1759 1379 conceditur

308 1408 420 1436 contra
444 1402 573 1441 TurcaS,
590 1401 653 1434 258
679 1401 713 1439 b:
738 1402 863 1435 nullum
890 1412 980 1444 passa
1005 1407 1053 1435 est
1078 1401 1310 1444 praeiudicium
1336 1399 1376 1433 ob
1402 1399 1661 1443 praetermissam
1687 1410 1761 1433 exe-

310 1453 499 1498 quutionem
518 1455 754 1488 constitutionis
772 1455 840 1488 Iulii
859 1455 895 1488 111
916 1455 946 1487 in
964 1455 1144 1498 provisione
1162 1455 1316 1488 ecclesiae
1332 1454 1555 1497 Aquileiensis,
1573 1452 1632 1485 181
1655 1465 1673 1486 a
1690 1459 1720 1486 ct
1734 1453 1760 1486 b.

221 1507 404 1542 Vincentius
429 1507 468 1542 de
493 1508 570 1541 Paul
595 1508 743 1552 superior
775 1508 931 1551 generalis
956 1509 1221 1551 Congregationis
1245 1508 1402 1542 Missionis
1428 1509 1458 1541 in
1485 1507 1596 1542 Gallia.
1620 1506 1661 1540 68
1686 1518 1704 1539 α
1732 1512 1760 1540 ct

309 1560 373 1595 488
399 1573 441 1599 α,·
470 1566 624 1594 statutum
662 1560 900 1594 fundamentale
923 1562 1023 1606 ipsius
1053 1562 1311 1606 congregationis
1337 1563 1420 1595 circa
1446 1565 1663 1604 paupertatem
1691 1570 1762 1603 pro-

310 1616 401 1660 ponit
426 1615 457 1648 S.
484 1615 632 1648 Pontitici
659 1615 916 1658 approbandum,
943 1614 1007 1647 489
1033 1626 1063 1648 a.

221 1668 406 1702 Vincentius
431 1669 551 1711 Rangel
577 1668 674 1701 abbas
700 1669 858 1711 generalis
883 1668 1138 1712 congregationis
1163 1669 1374 1712 Portugalliac
1399 1668 1629 1701 monachorum
1655 1667 1684 1701 S.
1706 1667 1762 1700 Be-

309 1721 440 1763 nedicti,
467 1720 527 1754 631
557 1722 583 1754 h.

222 1772 384 1818 Virginius
408 1774 541 1807 Ursinus
566 1774 739 1807 cardinalis
765 1775 930 1814 diaconus,
958 1774 1021 1808 Α167
1048 1775 1074 1807 b.

222 1827 441 1861 Visitationem
465 1838 587 1861 sacram
606 1834 636 1861 et
653 1828 859 1871 apostolicam
886 1829 1106 1868 ecclesiarum,
1126 1829 1272 1862 locorum
1291 1828 1434 1861 onmium
1461 1828 1588 1871 piorum
1615 1827 1707 1862 Urbis
1733 1834 1763 1861 ct

310 1881 522 1925 quadraginta
546 1883 697 1915 horarum
724 1881 968 1915 celebrationem
995 1882 1107 1916 indicit
1132 1883 1310 1916 Alexander
1335 1883 1398 1924 vn,
1433 1882 1496 1915 1013
1522 1882 1538 1913 It
1563 1888 1592 1915 et
1616 1893 1691 1925 scq.;
1721 1883 1763 1914 sa-

312 1933 444 1969 euitates
469 1935 625 1978 quaedam
650 1935 690 1969 ob
715 1936 776 1969 hoc
801 1935 830 1968 S.
856 1936 893 1968 R.
920 1936 955 1969 E.
983 1935 1199 1969 cardinalibus
1224 1936 1456 1975 conceduntur,
1478 1935 1540 1969 toti
1562 1936 1578 1967 b
1602 1940 1631 1967 et.
1651 1936 1663 1968 1
1679 1935 1715 1968 ta
1732 1936 1760 1973 l13

310 1988 482 2032 deputatur
505 1989 638 2022 huiusce
662 1989 849 2022 visitationis
875 1989 1068 2033 apostolicae
1094 1989 1305 2030 secretarius,
1329 1989 1392 2021 117
1418 2000 1456 2027 a,·
1481 1989 1576 2022 etiam
1602 1989 1759 2021 cancella—

312 2042 390 2082 rius,
414 2041 476 2074 117
495 2042 528 2083 b,
554 2043 769 2081 cardinalibus
793 2054 850 2087 pro
875 2045 964 2076 sacra
989 2044 1168 2077 visitatione
1194 2043 1386 2087 apostolieae
1412 2042 1582 2086 assumptis
1602 2042 1695 2075 datur
1721 2045 1762 2073 t'a-

311 2095 411 2129 cultas
438 2096 605 2129 exercendi
636 2096 835 2139 pontificalia
861 2108 1094 2142 quaecumque,
1120 2096 1183 2130 128
1209 2108 1244 2137 [ι;
1270 2097 1423 2130 avocandi
1450 2107 1561 2129 causas
1594 2095 1759 2128 occasione

313 2148 500 2183 visitationis
533 2150 729 2193 pendentes,
761 2149 823 2184 1029
849 2162 886 2190 α’,
918 2151 1071 2184 audiendi
1100 2157 1129 2183 ct
1157 2150 1372 2193 ‹signoscendi
1404 2160 1515 2183 causas
1543 2159 1760 2192 quascumque

313 2213 350 2235 ex
376 2203 458 2236 dicta
483 2203 662 2236 visitatione
686 2210 893 2247 emergentes,
922 2204 1016 2241 81ης
1040 2205 1211 2248 deputatur
1236 2204 1328 2237 iudex
1354 2214 1461 2236 sacrae
1483 2202 1667 2236 visitatitsinis
1685 2212 1760 2244 apd<

313 2256 455 2297 stohcae,
483 2256 546 2288 1⁵26
574 2256 608 2297 b;
639 2257 876 2290 commissarius
908 2264 938 2290 et.
967 2258 1093 2298 fiscalis,
1125 2258 1188 2291 ‘130
1218 2270 1256 2298 α’,
1291 2258 1369 2290 aliae
1394 2258 1560 2291 facultates
1587 2266 1761 2299 congrega-

315 2309 392 2342 tioni
420 2315 449 2342 01
475 2309 571 2343 iudici
597 2321 705 2343 sacrae
730 2311 916 2344 visitationis
945 2321 1130 2350 concessae,
1156 2310 1219 2344 138
1245 2322 1264 2343 α
1289 2317 1318 2343 01
1342 2322 1402 2354 seq.

225 2362 376 2396 Votantes
402 2364 584 2407 signaturae
609 2363 751 2398 iustitiae
777 2371 850 2397 sunt
876 2371 1029 2408 perpetuo
1055 2364 1222 2407 apostolici
1250 2363 1374 2406 acolyti,
1401 2362 1442 2395 81]
1468 2362 1494 2395 Ι).

225 2414 392 2449 Wilsridus
416 2417 550 2449 Ioannes
575 2416 701 2450 Ordinis
726 2416 756 2450 S.
782 2417 943 2451 Benedicti
970 2417 1139 2461 collegium
1167 2418 1397 2460 tlregorianum
1431 2416 1469 2447 dc
1503 2415 1586 2448 Urbe
1619 2414 1761 2448 ciusdem

315 2468 441 2503 Ordinis
466 2469 608 2513 perfecit,
637 2470 699 2503 337
726 2481 745 2504 a
771 2477 801 2503 01,
825 2482 886 2515 seq.

815 2582 1125 2595 ν--ἀοϋ-
1134 2588 1174 2589 κὴ
