2243 3205
53 222 99 250 An.
114 219 140 247 C.
163 218 226 245 1661

94 1920 201 1942 Decretum
213 1927 246 1941 sa-

39 1949 42 1979 ;
72 1952 118 1977 erae⁸
135 1953 246 1974 congrega-

40 1981 43 1994 ι
73 1976 137 1995 Ιιοιιικ.

40 1999 45 2123 l

42 2124 46 2184 l

43 2188 53 2440 i

52 2510 55 2577 l

54 2612 58 2690 l

841 218 1027 242 ALEXANDER
1051 218 1096 241 vn
1116 218 1164 241 PP.

246 265 278 298 B.
302 264 417 298 Mariae
436 265 658 298 Miraculorum
683 271 936 309 nuncupatorum
951 265 989 297 de

246 317 330 351 Urbe
362 318 494 350 fratrum
527 319 782 361 congregationis
815 319 991 352 Gallicanae

246 371 331 403 tertii
356 370 480 404 Ordinis
505 372 602 405 sancti
627 372 796 411 Francisci,
822 381 992 414 congrega-

247 423 325 457 tioni
360 425 588 457 venerabilium
633 425 765 457 fratrum
809 430 990 457 nostrorum

248 477 277 510 S.
303 478 337 510 R.
363 478 396 510 E.
422 478 626 510 cardinalium
658 479 792 520 negotiis
818 483 847 511 et
872 478 993 511 consul-

249 529 420 563 tationibus
461 531 683 574 episcoporum
724 537 754 564 et
796 532 990 574 regularium

248 583 445 627 praepositae
459 584 609 627 exposito,
627 584 711 627 quod
729 584 859 628 plurimi
881 585 994 616 fratres

249 636 446 669 diversarum
480 637 715 679 provinciarum
741 637 881 669 eiusdem
907 637 995 670 Ordi-

250 688 309 728 nis,
328 688 515 733 quibusdam
531 689 641 723 litteris
663 690 923 722 obedientialibus
937 690 994 722 sub

250 742 401 785 speciosis
433 743 646 785 praetextibus
683 743 790 775 furtim
828 748 857 776 et
890 743 994 776 inseiis

251 805 325 827 suae
359 795 540 838 provinciae
577 796 794 839 superioribus
830 807 847 828 a
881 796 994 829 dilecto

251 847 316 880 filio
333 853 442 880 nostro
467 848 607 881 eiusdem
622 849 651 881 S.
666 850 700 882 R.
720 850 752 881 E.
773 849 923 882 cardinali
950 849 995 881 di-

252 900 292 934 cti
313 900 437 934 Ordinis
462 901 545 945 apud
570 912 627 934 nos
652 907 681 934 et
706 902 817 934 Sedem
842 902 995 945 Apostoli-

252 964 320 986 cam
345 957 523 997 protectore
548 960 600 987 aut
631 955 729 998 ipsius
754 955 878 988 Ordinis
904 955 994 987 mini-

251 1012 318 1041 stro
339 1008 478 1050 generali
496 1006 726 1048 emendicatis¹,
745 1008 940 1052 frequentius
958 1008 995 1040 ad

253 1059 333 1093 hanc
365 1060 480 1092 almam
507 1061 622 1093 Urbem
648 1061 853 1101 accederent,
879 1066 909 1093 et
934 1061 993 1093 ali-

253 1114 380 1157 quando
412 1124 469 1157 per
499 1124 597 1147 annos
631 1115 790 1157 integros,
816 1115 879 1147 imo
904 1115 995 1147 ctiam

255 1166 373 1199 diutius
390 1167 422 1199 in
439 1169 474 1199 ea
499 1173 783 1207 commorarentur,
797 1172 826 1199 et
846 1173 995 1211 quantum

253 1224 383 1264 possent
407 1230 528 1253 moram
554 1220 669 1253 ibidem
695 1221 938 1263 protraherent,
966 1226 998 1253 ut

254 1283 273 1305 a
297 1273 499 1316 superiorum
525 1284 598 1306 suae
619 1274 800 1317 provinciae
821 1273 997 1307 obedientia

255 1325 413 1359 immunes
438 1331 694 1369 perseverarent3
713 1332 743 1359 et
763 1326 794 1358 in
818 1327 929 1359 eadem
949 1337 999 1360 ex-

254 1379 411 1423 positione
435 1380 625 1420 subiuneto‚
655 1380 739 1423 quod
775 1390 811 1412 ex
843 1380 998 1423 frequenti

256 1433 413 1466 dictorum
438 1433 572 1466 fratrum
599 1444 727 1466 accessu
758 1436 910 1476 moraque
945 1434 1000 1466 hu-

257 1486 394 1520 iusmodi
419 1487 579 1531 praefatus
597 1493 778 1529 conventus,
792 1488 910 1531 quippe
928 1498 1001 1531 pau-

257 1540 438 1584 perrimus,
463 1540 553 1573 valde
584 1546 788 1583 gravaretur,
822 1543 1000 1584 magnaque

258 1594 474 1638 impensarum
508 1594 687 1627 accessione
728 1598 929 1633 oneraretur,
966 1605 1002 1627 ac

258 1647 394 1691 proinde
419 1648 578 1691 praefatae
596 1647 803 1680 cardinalium
829 1658 1002 1690 congrega-

259 1700 336 1734 tioni
360 1701 537 1744 supplicato
566 1704 600 1734 ut
625 1701 655 1733 in
680 1701 862 1746 praemissis
887 1712 1002 1745 oppor—

259 1758 334 1786 tune
350 1753 549 1797 provideret:
572 1754 728 1786 emanavit
747 1755 786 1786 ab
804 1755 914 1787 eadem
934 1765 1004 1787 eon-

260 1807 444 1850 gregatione
470 1807 675 1839 cardinalium
699 1807 859 1840 decretum
887 1808 1003 1841 tenoris

260 1860 314 1903 qui
339 1860 491 1903 sequitur,
511 1860 670 1893 videlicet:

311 1925 324 1944 <t
350 1913 445 1946 Sacra
463 1914 667 1956 congregatio
684 1914 1003 1947 eminentissimorum

263 1966 292 2000 S.
312 1967 346 1999 P..
360 1966 393 1999 E.
408 1966 614 2009 cardinalium
640 1967 780 2010 negociis
798 1973 827 2000 et
852 1969 1005 2000 consulta-

264 2019 403 2053 tionibus
418 2019 641 2063 episcoporum
661 2026 690 2053 et
704 2021 897 2063 regularium
913 2032 1005 2064 prae-

262 2073 374 2117 posita,
390 2074 515 2106 attentis
532 2073 676 2115 narratis,
694 2074 802 2106 volens
826 2074 1005 2107 huiusmodi

263 2126 503 2160 cursitationum
540 2137 574 2159 ac
611 2137 718 2159 morae
756 2127 786 2159 in
824 2127 907 2160 Urbe
940 2128 1006 2160 sine

264 2181 358 2213 causa
373 2180 605 2223 protrahendae
620 2181 817 2213 occasionem
833 2187 1006 2224 amputare,

265 2237 295 2267 et
314 2233 480 2276 religiosos
495 2233 568 2266 dicti
593 2233 718 2267 Ordinis
735 2233 764 2265 in
783 2234 921 2277 propriis
936 2245 1007 2277 pro·

266 2286 377 2320 vinciis
401 2286 459 2319 sub
483 2286 662 2320 obedientia
688 2287 860 2327 continere,
885 2297 1007 2320 necnon

265 2340 441 2384 paupertati
478 2345 508 2372 et
548 2340 742 2373 indemnitati
779 2341 1007 2383 praenominati

267 2398 439 2427 conventus
471 2393 658 2434 consulere,
684 2394 806 2426 censuit
837 2393 1008 2426 decernen-

267 2446 354 2487 dum,
372 2451 466 2490 prout
490 2446 704 2489 praesentium
727 2452 835 2479 tenore
859 2447 1009 2488 decernit,

268 2505 302 2533 ut
321 2499 513 2543 quicumque
538 2499 678 2542 religiosi
695 2499 819 2535 Ordinis
836 2505 866 2533 et
883 2510 1011 2543 congre-

308 2616 318 2642 1
337 2613 408 2641 Edit.
425 2613 503 2641 lllain.
520 2612 583 2649 legit
597 2613 807 2642 emendicaticiis
822 2614 861 2648 (n.
877 2614 925 2648 T.).

1668 210 1732 243 663

1023 265 1157 307 gationis
1177 265 1357 299 huiusmodi
1376 267 1442 299 sine
1460 277 1615 300 consensu
1635 272 1665 299 et
1690 267 1763 300 obe—

1023 318 1140 350 dientia
1158 319 1279 362 proprii
1296 320 1498 363 provincialis
1519 331 1574 352 scu
1591 320 1765 353 definitoris

1025 381 1098 403 suae
1118 372 1297 414 provinciae
1316 373 1353 405 ad
1379 373 1493 405 Urbem
1519 373 1717 414 accesserint,
1736 378 1766 406 et

1025 428 1095 467 post
1122 425 1257 457 triduum
1277 436 1339 459 non
1357 426 1554 466 recesserint,
1572 427 1700 459 omnino
1721 432 1765 458 te-

1025 476 1157 510 nentur¹
1176 488 1367 522 unoquoque
1392 480 1441 511 die
1462 480 1627 512 conventui
1646 480 1767 523 praedi-

1027 536 1075 564 cto
1101 530 1215 573 singuli
1236 531 1314 564 duos
1335 532 1426 565 iulios
1444 543 1461 564 a
1474 533 1523 565 die
1542 533 1588 565 sui
1605 533 1766 573 adventus,

1027 583 1052 615 si
1077 593 1140 616 non
1165 584 1281 617 suerint
1305 585 1494 626 sacerdotes,
1511 586 1648 625 solvere3
1675 587 1699 618 si
1717 597 1767 618 au-

1028 641 1090 668 tem
1116 636 1293 669 sacerdotes
1317 638 1443 678 suerint,
1468 639 1577 670 iulium
1604 649 1711 679 unuin,
1737 644 1767 671 et

1029 689 1155 721 missam
1174 700 1231 733 pro
1257 691 1479 723 exoneratione
1505 691 1578 724 dieti
1597 698 1768 725 conventus

1029 748 1058 774 et
1075 742 1112 775 ad
1137 743 1341 776 intentionem
1368 744 1540 787 superioris
1566 750 1596 777 et
1619 745 1769 778 sacristae

1029 796 1168 838 quotidie
1193 797 1369 837 celebrare,
1395 798 1568 840 praesentis
1592 802 1694 831 autem
1720 799 1772 831 de-

1030 849 1106 881 creti
1131 850 1345 883 executionem
1371 851 1649 891 committendam,
1675 857 1771 894 prout

1030 902 1206 943 committit,
1228 903 1401 945 guardiano
1420 908 1449 935 et
1467 904 1535 936 aliis
1552 914 1609 946 pro
1628 909 1771 947 tempore

1030 955 1104 987 dicti
1130 962 1301 988 conventus
1321 956 1549 999 superioribus,
1574 957 1627 1000 qui
1652 957 1690 989 ad
1714 967 1767 990 so-

1031 1008 1181 1040 lutionem
1207 1009 1388 1041 huiusmodi
1414 1010 1525 1042 fratres
1550 1015 1715 1043 extraneos
1740 1010 1771 1042 in

1031 1066 1192 1104 posterum
1218 1062 1418 1102 accedentes,
1444 1068 1474 1095 et
1505 1063 1582 1095 alios
1606 1063 1667 1095 iam
1694 1064 1772 1095 sorte

1032 1115 1062 1146 in
1082 1116 1220 1157 praefato
1242 1122 1397 1148 conventu
1421 1117 1597 1156 existentes,
1616 1117 1700 1149 omni
1715 1127 1772 1160 ap-

1032 1168 1199 1211 pellatione
1224 1169 1408 1212 postposita,
1434 1169 1562 1202 omnino
1588 1179 1702 1211 eogere
1727 1175 1772 1201 te-

1032 1227 1152 1262 neatur,
1170 1221 1217 1253 sin
1236 1222 1348 1262 minus,
1367 1222 1536 1255 renitentes
1554 1223 1627 1255 liuic
1647 1222 1773 1255 decreto

1032 1285 1143 1317 parere
1160 1285 1175 1307 e
1193 1280 1348 1307 conventu
1366 1280 1395 1307 ct
1416 1275 1498 1308 Urbe
1524 1276 1692 1318 compellat
1717 1275 1775 1308 dis-

1033 1327 1154 1368 cedere,
1173 1328 1340 1361 contrariis
1360 1329 1613 1372 quibuscumquc
1638 1339 1700 1362 non
1724 1329 1776 1362 ob-

1033 1381 1194 1414 stantibus.
1214 1382 1330 1414 Romae
1349 1392 1401 1414 xiv
1420 1382 1553 1414 ianuarii
1573 1392 1701 1415 MDCLXI.

1310 1435 1346 1467 M.
1374 1435 1540 1468 cardinalis
1561 1435 1730 1469 GiixETTL's.

1057 1488 1089 1520 E.
1108 1487 1273 1531 episcopus
1291 1488 1530 1529 Camerinensis,
1548 1490 1776 1522 secretarius».

1079 1542 1094 1584 g
1118 1541 1147 1573 ζ).
1173 1541 1247 1574 Cum
1274 1547 1396 1582 autem,
1423 1543 1502 1576 sicut
1532 1543 1662 1586 praefati
1688 1554 1777 1585 guar-

1035 1593 1145 1626 dianus
1170 1600 1199 1627 et
1223 1594 1350 1627 discreti
1375 1595 1466 1628 nobis
1484 1606 1586 1639 nuper
1607 1596 1720 1639 exponi
1738 1597 1777 1629 se-

1037 1652 1157 1688 cerunt,
1176 1647 1234 1690 ipsi
1256 1647 1417 1681 decretum
1444 1648 1636 1689 huiusmodi,
1654 1660 1712 1692 pro
1729 1649 1779 1682 fir-

1038 1699 1128 1732 miori
1155 1700 1237 1733 illius
1262 1701 1462 1734 subsistentia
1487 1707 1516 1734 et
1541 1702 1777 1743 observatione,

1038 1753 1227 1796 apostolicae
1253 1754 1501 1787 confirmationis
1518 1761 1645 1788 nostrae
1663 1756 1780 1789 robore

1039 1807 1228 1839 communiri
1254 1818 1457 1851 summopere
1482 1808 1676 1841 desiderent:
1702 1820 1779 1851 nos,

1039 1860 1207 1903 specialem
1222 1861 1296 1904 ipsis
1311 1862 1539 1904 exponentibus
1553 1862 1686 1904 gratiam
1704 1863 1781 1895 sace-

1040 1924 1073 1946 re
1087 1913 1236 1954 volentes,
1254 1924 1290 1947 ac
1308 1924 1418 1947 eorum
1436 1915 1612 1957 singulares
1630 1926 1781 1959 personas

1040 1976 1056 1998 a
1082 1966 1243 2009 quibusvis
1269 1968 1616 2008 excommunicationis,
1644 1979 1778 2012 suspen-

1041 2019 1138 2052 sionis
1160 2024 1190 2051 et
1214 2019 1382 2059 interdicti,
1408 2021 1540 2064 aliisque
1561 2021 1781 2054 ecclesiasticis

1041 2073 1213 2113 sententiis,
1239 2074 1382 2106 censuris
1406 2080 1435 2107 et
1460 2075 1579 2118 poenis,
1605 2086 1622 2107 a
1646 2075 1714 2108 iure
1736 2077 1782 2108 vel

1040 2126 1079 2158 ab
1104 2126 1253 2166 homine,
1280 2128 1388 2170 quavis
1420 2128 1584 2161 occasione
1614 2129 1660 2161 vel
1690 2132 1784 2162 causa

1042 2180 1128 2219 latis,
1154 2179 1178 2211 si
1205 2180 1318 2223 quibus
1350 2181 1588 2223 quomodolibet
1618 2182 1785 2215 innodatae

1042 2232 1193 2274 existunt,
1220 2233 1258 2265 ad
1284 2233 1428 2266 effectum
1460 2235 1673 2278 praesentium
1698 2235 1785 2268 dum-

1043 2290 1126 2320 taxat
1151 2287 1418 2329 conscqucndum,
1444 2288 1556 2320 harum
1582 2289 1663 2322 serie
1687 2289 1786 2322 absol-

1044 2344 1149 2372 ventes
1167 2345 1196 2372 et
1213 2339 1372 2372 absolutas
1390 2341 1456 2373 sore
1482 2347 1652 2382 censentes,
1670 2342 1786 2385 suppli-

1043 2393 1217 2426 cationibus
1235 2404 1345 2426 eorum
1359 2394 1487 2427 nomine
1504 2395 1594 2427 nobis
1607 2405 1708 2439 nuper
1725 2396 1786 2429 hoc

1044 2445 1207 2478 humiliter
1239 2447 1393 2490 porrectis
1431 2447 1591 2488 inclinati,
1624 2448 1785 2482 decretum

1045 2499 1292 2543 praeinsertum,
1319 2500 1503 2533 auctoritate
1536 2501 1717 2545 apostolica,
1743 2507 1787 2535 te-

1080 2616 1092 2641 1
1117 2614 1271 2649 Legendum
1292 2618 1448 2644 teneantur
1467 2616 1507 2651 (a.
1525 2619 1573 2652 τ.).

1779 198 1828 246 An.
1850 219 1877 245 C.
1896 221 1958 247 1661

1791 1553 1902 1574 Deci-etum
1915 1559 1974 1579 prae-

1792 1580 1891 1599 iwertum
1901 1580 1974 1599 rentii·-

1792 1609 1834 1627 niat
1845 1606 1947 1627 Pontifex.
