2202 3190
196 164 244 191 An.
265 162 294 190 C.
316 163 384 191 1662
430 154 493 188 770

395 212 596 244 seminarium
621 210 815 255 praedictum
842 211 872 244 in
897 211 1026 245 aedibus
1044 222 1131 256 prae-

395 264 494 297 dictae
519 264 669 296 ecclesiae
694 264 913 307 permanserit,
931 265 1051 308 proprii
1077 276 1127 298 se-

396 317 519 349 minarii
552 326 606 349 seu
640 317 894 360 congregationis
923 322 975 350 aut
1008 318 1132 351 Ordinis

395 368 573 401 huiusmodi
599 369 785 412 sumptibus,
803 375 833 402 et
854 370 970 413 absque
987 380 1024 403 eo
1048 370 1131 414 quod

396 431 412 453 a
436 421 596 464 praedicto
621 421 868 455 eminentissimo
886 423 1014 456 domino
1035 423 1133 455 cardi-

396 474 457 505 nali
492 473 555 506 sive
581 475 647 506 eius
680 474 710 506 in
735 475 817 507 dicto
843 476 1032 508 monasterio
1057 486 1130 508 suc-

397 526 574 559 cessoribus
598 526 716 571 aliquid
745 537 883 572 unquam
909 539 966 572 pro
992 534 1134 572 tempore

397 580 545 623 consequi
567 591 621 613 seu
637 581 842 624 praetendere
857 583 985 624 valeant,
1004 583 1035 614 in
1050 592 1135 625 prae-

397 632 480 665 dicto
517 634 707 666 monasterio
743 634 920 668 sacerdotes
955 635 1070 667 babere
1105 639 1135 667 et

398 691 520 725 tenere,
546 685 598 729 qui
624 686 734 719 missas
760 687 789 719 in
818 687 978 730 praedicta
1003 687 1135 720 ecclesia

399 738 557 771 celebrent
582 744 612 772 et
636 739 740 772 divina
770 740 871 773 officia
902 745 1075 784 peragant,
1100 749 1136 773 ao

399 791 504 823 omnia
528 796 558 824 et
581 792 703 834 singula
728 803 833 833 onera,
858 792 1019 836 dictaeque
1038 793 1135 825 ecele-

399 843 463 877 siae
488 845 726 887 quomodolibet
750 845 983 886 incumbentia,
1014 850 1077 878 tam
1102 855 1137 878 ea

399 907 478 940 quae
503 897 541 929 ad
565 908 713 941 praesens
739 899 769 930 in
794 898 896 931 lucem
929 898 1136 942 prodierunt,

400 960 492 993 quam
508 950 566 982 alia
580 961 807 994 quaecumque,
824 961 903 995 quae
918 951 1021 984 forsan
1037 956 1137 983 tractu

402 1003 553 1046 temporis
584 1003 827 1046 detegerentur,
860 1003 896 1036 ad
921 1003 1071 1036 amussim
1109 1009 1139 1035 et

403 1065 540 1098 unguem
567 1056 766 1099 adimpleant,
781 1056 922 1089 confecto
942 1067 998 1100 per
1018 1067 1071 1089 eos
1096 1057 1136 1089 li—

401 1109 480 1149 bro,
513 1108 543 1140 in
575 1119 637 1152 quo
667 1119 762 1141 onera
791 1109 967 1153 praedicta,
1003 1120 1138 1153 quorum

401 1162 510 1196 notitia
535 1162 573 1195 ad
597 1172 746 1206 praesens
771 1163 915 1205 liabetur,
941 1163 1139 1205 adnotentur,

402 1223 431 1249 et
456 1217 548 1249 etiam
575 1217 667 1249 simili
694 1217 786 1250 modo
803 1217 872 1259 alia,
890 1227 969 1260 quae
988 1218 1091 1250 forsan
1109 1217 1139 1250 in

403 1271 541 1303 futurum
562 1281 714 1314 apparere
732 1270 902 1314 contingat,
917 1281 1008 1314 quem
1025 1271 1139 1303 librum

403 1323 496 1356 tertio
520 1334 647 1367 quoquo
677 1334 758 1356 anno
790 1324 827 1356 ad
857 1324 975 1357 dictum
1001 1324 1139 1356 eminen-

405 1377 558 1409 tissimum
584 1377 746 1410 dominum
772 1377 961 1410 cardinalem
992 1383 1022 1409 et
1054 1388 1140 1410 com-

405 1429 633 1462 mendatarium
658 1440 716 1473 pro
741 1435 883 1473 tempore
900 1430 1083 1462 existentem
1102 1435 1142 1462 te-

404 1487 537 1516 ncantur
561 1482 704 1524 deferre,
734 1487 767 1517 ul.
799 1483 904 1516 videre
929 1483 1068 1527 possint,
1103 1493 1142 1516 an

405 1546 499 1569 onera
524 1535 583 1568 sint
608 1536 787 1579 adimpleta,
811 1546 933 1569 necnon
959 1546 1067 1568 omnes
1092 1546 1140 1569 re-

405 1589 581 1632 parationes
604 1589 816 1631 necessarias,
844 1593 904 1622 tam
930 1589 960 1621 in
985 1589 1067 1622 dicta
1092 1599 1142 1622 ec-

406 1642 499 1675 clesia
523 1652 616 1685 quam
637 1642 766 1675 aedibus
791 1641 940 1685 praedicti
961 1642 1143 1675 monasterii

406 1695 544 1739 propriis
570 1696 745 1739 sumptibus
770 1696 893 1735 facere,
918 1695 995 1728 itaut
1020 1697 1143 1739 praedi-

407 1754 475 1782 ctus
499 1748 764 1781 eminentissimus
787 1749 932 1782 dominus
958 1749 1142 1792 cardinalis,

407 1808 437 1835 et
462 1803 528 1835 eius
553 1802 582 1834 in
607 1802 690 1835 dicto
724 1803 916 1836 monasterio
946 1813 1144 1836 successores

409 1855 527 1899 aliquid
558 1856 723 1889 occasione
754 1856 988 1899 reparationum
1022 1856 1144 1899 praedi-

410 1914 529 1941 ctarum
543 1908 743 1942 contribuere
757 1908 886 1941 minime
900 1914 1076 1949 teneantur,
1087 1909 1145 1941 uisi

410 1972 501 2003 casu,
527 1973 588 2005 quo
614 1967 714 1995 tractu
751 1962 901 2005 temporis
933 1962 1062 1994 ccclesia
1093 1973 1146 1995 seu

412 2015 636 2049 monasterium
673 2015 854 2048 huiusmodi
893 2015 924 2047 in
965 2019 1062 2048 tolum
1101 2016 1147 2048 vel

412 2069 441 2101 in
466 2069 594 2101 notabili
620 2074 707 2112 parte
732 2073 859 2108 rueret,
889 2074 962 2101 tunc
989 2069 1070 2101 enim
1097 2079 1148 2102 ec-

412 2122 523 2155 clesiae
548 2132 601 2154 seu
628 2121 807 2155 monasterii
825 2121 1003 2154 huiusmodi
1020 2122 1148 2155 refectio

412 2175 449 2208 ad
472 2175 666 2218 praedictum
686 2175 966 2208 eminentissimum
985 2175 1147 2208 dominum

413 2229 620 2269 cardinalem,
645 2234 675 2261 et
699 2229 766 2261 eius
791 2228 821 2260 in
846 2228 929 2261 dicto
958 2229 1148 2262 monasterio

413 2291 609 2315 successores
634 2287 753 2325 spectet
783 2287 813 2314 et
842 2282 1017 2326 pertineat;
1049 2294 1149 2327 neque

415 2334 503 2366 liceat
527 2335 707 2378 praeposito
731 2335 881 2377 generali,
906 2335 1036 2378 aliisque
1062 2347 1150 2379 supe-

417 2387 551 2420 rioribus
576 2394 605 2420 et
636 2388 791 2430 religiosis
816 2388 888 2421 dicti
914 2388 1051 2430 Ordinis,
1078 2400 1150 2433 per-

416 2441 516 2482 petuis
541 2441 651 2473 futuris
675 2441 881 2485 temporibus,
906 2442 1068 2475 ecclesiam
1096 2453 1150 2476 seu

417 2492 549 2525 fabricas
567 2499 596 2525 et
609 2494 790 2526 viridarium
809 2500 839 2527 et
858 2499 957 2528 terras
976 2495 1150 2538 praedictas

418 2546 605 2589 cuicumque
640 2547 690 2579 alii
727 2547 868 2590 religioni
906 2558 959 2581 seu
997 2559 1151 2592 personae

978 164 1154 188 BULLARIUM
1179 163 1333 188 ROMANUM

1164 212 1392 255 cuiuscumque
1404 212 1529 255 gradus,
1547 216 1643 246 status
1660 218 1690 246 et
1702 213 1899 256 conditionis,

1166 265 1256 298 etiam
1284 265 1409 308 speciali
1434 267 1508 298 nota
1538 265 1671 308 dignae,
1702 276 1901 310 quocumque

1167 318 1264 357 titulo,
1292 323 1463 361 praetextu,
1489 321 1582 351 causa
1605 322 1634 352 et
1657 318 1831 358 occasione,
1851 330 1902 352 ne-

1906 167 1959 194 An.
1973 165 2004 194 G.
2025 166 2094 194 1662

1166 381 1225 414 que
1245 371 1274 402 in
1296 376 1370 411 toto,
1388 381 1489 415 neque
1507 372 1537 404 in
1555 377 1642 415 parte
1656 373 1748 404 etiam
1763 372 1902 413 minima,
1921 372 1928 383 “

1167 424 1349 464 concedere,
1374 435 1475 468 neque
1500 425 1537 458 ad
1563 425 1707 458 effectum
1732 425 1905 458 eoncessio-

1167 476 1215 508 nis
1240 477 1419 510 huiusmodi
1452 478 1607 511 licentiam
1633 483 1663 510 et
1686 478 1861 510 facultatem
1886 487 1904 510 a

1168 529 1246 562 Sede
1270 530 1448 573 Apostolica
1464 535 1572 574 petere
1591 535 1621 563 et
1637 530 1792 570 obtinet—03
1813 530 1906 563 liceat

1170 587 1273 614 tamen
1299 593 1513 626 quascumque
1530 583 1767 616 commoditates
1787 583 1904 615 eisdem

1169 635 1309 678 patribus
1334 635 1463 678 placitas
1488 642 1517 668 et
1537 636 1698 669 benevisas
1723 636 1753 668 in
1774 636 1906 668 ecclesia

1170 692 1200 719 et
1225 688 1415 721 monasterio
1440 688 1608 731 praedictis
1636 698 1694 732 pro
1715 699 1823 721 eorum
1849 698 1907 720 ar·-

1171 739 1264 772 bitrio
1285 751 1447 783 peragere,
1465 741 1659 785 debeantque
1677 741 1816 784 religiosi
1833 740 1908 774 dicti

1171 792 1305 834 Ordinis,
1331 794 1383 836 qui
1403 794 1433 825 in
1451 794 1534 826 dicto
1559 794 1749 827 monasterio
1766 803 1909 837 perman-

1172 845 1278 885 serint,
1303 852 1487 879 ornamenta
1511 846 1656 878 altarium
1678 851 1707 879 et
1726 850 1909 889 paramenta

1172 898 1382 932 ecclesiastica
1421 910 1456 933 ac
1491 900 1700 943 supellectiles
1735 910 1839 933 sacras
1877 899 1909 932 in

1173 951 1335 984 meliorem
1361 955 1474 985 statum
1499 952 1651 985 reducere
1667 979 1674 993 ,
1708 958 1737 985 et
1770 956 1803 986 ut
1826 953 1910 986 bona

1174 1004 1301 1037 mobilia
1328 1010 1358 1037 et
1382 1005 1587 1049 supellectilia
1612 1005 1761 1039 ecclesiae
1786 1011 1815 1038 et
1843 1016 1909 1039 mo-

1173 1057 1300 1090 nasterii
1332 1058 1511 1092 huiusmodi
1541 1059 1671 1100 maiori,
1700 1070 1760 1102 qua
1788 1064 1910 1103 potest,

1174 1112 1249 1144 cura
1267 1117 1492 1145 conserventur
1516 1117 1546 1145 et
1571 1117 1840 1152 manuteneantur,
1858 1111 1911 1145 de·

1174 1164 1328 1208 beantque
1353 1165 1445 1198 etiam
1467 1165 1623 1199 conficere
1645 1165 1862 1207 inventarium,
1880 1165 1912 1197 in

1174 1228 1236 1262 quo
1262 1218 1389 1251 mobilia
1403 1223 1431 1250 et
1445 1218 1650 1262 supellectilia
1666 1218 1825 1262 praedicta
1839 1229 1910 1251 curn

1175 1281 1283 1304 eorum
1310 1271 1512 1314 qualitatibus
1544 1277 1573 1304 et
1604 1276 1705 1312 statu,
1733 1271 1762 1304 in
1787 1282 1849 1314 quo
1874 1271 1912 1304 ad

1175 1334 1324 1368 praesens
1349 1324 1563 1367 reperiuntur,
1588 1324 1797 1365 adnotentur,
1822 1330 1852 1357 et
1875 1324 1913 1357 de

1177 1377 1237 1409 illis
1262 1381 1425 1410 teneantur
1450 1377 1588 1420 religiosi
1615 1377 1786 1420 praedicti,
1818 1382 1914 1421 prout

1176 1430 1249 1462 dicti
1274 1435 1379 1473 patres
1405 1430 1585 1464 definitores
1609 1435 1798 1474 praesentes,
1816 1429 1914 1464 nomi-

1176 1483 1269 1516 nibus
1301 1483 1413 1526 quibus
1447 1494 1556 1526 supra,
1585 1484 1799 1527 promiserunt
1827 1488 1857 1517 et
1881 1494 1914 1517 se

1177 1536 1375 1579 obligarunt,
1401 1536 1518 1569 bonum
1552 1543 1580 1570 et
1612 1537 1704 1569 fidele
1730 1542 1913 1581 computum

1179 1590 1309 1622 reddere
1333 1590 1493 1634 praedicto
1518 1590 1765 1623 eminentissimo
1786 1590 1914 1625 domino

1178 1643 1326 1676 cardinali
1352 1649 1382 1676 et
1406 1644 1472 1676 eius
1489 1644 1520 1676 in
1538 1644 1621 1677 dicto
1639 1645 1830 1677 monasterio
1849 1655 1916 1678 suc-

1178 1696 1371 1736 cessoribus3
1397 1707 1432 1729 ac
1457 1696 1480 1729 si
1506 1701 1608 1729 tractu
1641 1697 1790 1740 temporis
1815 1698 1915 1730 semi-

1179 1750 1301 1782 narium
1316 1750 1511 1794 praedictum
1526 1760 1542 1782 a
1555 1750 1714 1793 praedicto
1727 1751 1916 1784 monasterio

1179 1809 1382 1843 amoveatur,
1414 1813 1468 1836 seu
1500 1803 1634 1846 amplius
1658 1813 1720 1836 non
1746 1804 1916 1846 subsistat,

1181 1867 1215 1888 ac
1240 1856 1378 1898 religiosi
1403 1856 1476 1889 dicti
1506 1855 1629 1890 Ordinis
1661 1856 1779 1889 dictum
1813 1857 1916 1890 locum

1182 1909 1379 1952 relinquant,
1407 1914 1480 1942 tunc
1511 1915 1540 1941 et
1571 1919 1607 1942 eo
1639 1919 1713 1942 casu
1745 1909 1836 1942 etiam
1874 1915 1917 1943 te-

1183 1968 1314 1996 neantur
1349 1968 1379 1995 et
1410 1962 1538 2006 obligati
1572 1963 1705 1997 existant
1735 1963 1917 2005 ecclesiam,

1184 2016 1325 2058 fabricas
1348 2016 1532 2049 viridarium
1558 2021 1587 2048 et
1612 2022 1710 2049 terras
1732 2017 1917 2060 praedictas,

1183 2080 1254 2102 cum
1280 2070 1425 2103 omnibus
1447 2075 1477 2102 et
1501 2070 1631 2113 singulis
1656 2070 1918 2113 reparationibus,

1185 2123 1446 2164 melioramentis,
1471 2124 1746 2158 commoditatibus
1771 2129 1801 2157 et
1825 2134 1918 2157 orna-

1185 2177 1297 2210 mentis
1333 2188 1389 2221 per
1425 2177 1589 2220 refigiosos
1626 2177 1699 2210 dicti
1736 2177 1859 2211 Ordinis
1888 2177 1920 2210 in

1183 2230 1299 2263 eisdem
1314 2231 1456 2271 ecclesia,
1470 2230 1605 2272 fabricis,
1620 2230 1768 2264 viridario
1785 2234 1814 2264 et
1828 2231 1920 2264 terris

1184 2283 1420 2327 quomodolibet
1443 2283 1541 2325 factis,
1563 2283 1723 2327 praedicto
1744 2283 1921 2317 eminentis-

1184 2337 1263 2369 simo
1288 2336 1415 2369 domino
1440 2336 1599 2377 cardinali,
1624 2337 1688 2369 sive
1704 2337 1771 2369 eius
1789 2336 1820 2369 in
1836 2336 1920 2370 dicto

1186 2390 1375 2423 monasterio
1412 2390 1668 2430 successoribus,
1701 2389 1799 2423 libere
1830 2390 1921 2423 resti-

1186 2449 1283 2483 tuere,
1298 2444 1416 2487 absque
1441 2453 1478 2477 eo
1502 2443 1586 2487 quod
1611 2443 1726 2486 aliquid
1754 2448 1921 2486 propterea

1185 2507 1201 2528 a
1226 2495 1387 2539 praedicto
1412 2496 1658 2529 eminentissimo
1678 2496 1804 2528 domino
1826 2496 1922 2528 cardi-

1184 2549 1265 2589 nali,
1291 2549 1354 2581 sive
1379 2549 1444 2582 eius
1470 2549 1500 2582 in
1525 2549 1608 2583 (licto
1637 2548 1826 2582 monasterio
1851 2558 1920 2581 suc-
