2263 3215
2196 90 2201 119 j
2214 123 2217 129 4

284 217 377 245 Amo.
400 218 465 246 1657
511 209 575 244 0296
1060 217 1235 242 BULLAMUM
1262 217 1415 242 nomnen
2006 215 2054 244 An.
2070 216 2097 245 c.
2113 212 2200 248 ¹057*
2233 244 2239 250 ,

305 1810 407 1830 ttecenset
429 1816 462 1829 re-

278 1837 378 1856 lationem
396 1843 461 1861 magi·

278 1863 314 1883 stri
326 1862 371 1883 lulu
382 1862 407 1883 de
419 1863 459 1883 ΟΔ-

481 265 635 310 expressis
665 276 700 298 ac
724 265 762 298 de
787 265 882 299 verbo
906 265 943 298 ad
969 265 1098 298 verbum
1117 265 1234 316 inser-l

482 319 519 352 tis
539 318 697 359 habentes,
716 317 774 351 illis
790 318 865 351 alias
881 318 911 350 in
936 328 992 350 suo
1016 318 1130 351 robore
1148 328 1214 361 per·
1232 320 1233 370 l

481 371 646 410 mansuris,
667 370 705 402 ad
723 370 966 414 praemissorum
985 370 1140 411 ellectum,
1159 371 1216 403 liac
1232 387 1233 390 =

482 423 547 456 vice
571 423 742 462 dumtaxat,
759 423 937 466 specialiter
955 429 983 456 et
1005 433 1152 466 expresse
1169 423 1216 455 de-

482 487 650 519 rogamus,
683 476 857 520 ceterisque
889 476 1055 509 contrariis
1080 477 1212 520 quibus-

481 540 622 571 cumque.
1233 526 1234 529 ’

523 581 634 614 Datum
664 582 791 623 Romae,
819 582 900 626 apud
926 582 953 615 S.
976 582 1102 614 Mariani
1128 580 1235 632 Maio-J

481 645 559 675 rem,
577 634 635 667 sub
651 636 767 668 annulo
785 635 963 675 Piscatoris,
976 634 1025 667 dic
1041 645 1058 667 x
1081 640 1216 678 septem-

480 686 545 720 bris
568 686 718 727 noemin,
732 688 931 731 pontificatus
952 687 1051 720 nostri
1073 697 1154 720 anno
1172 697 1214 720 111.
1233 710 1234 718 1

515 741 573 766 Dat.
596 740 637 766 die
657 741 690 767 ‘tu
710 740 873 775 septembris
896 741 972 772 1657,
988 740 1081 775 pontif.
1096 748 1165 767 anno
1177 747 1214 767 111.

793 882 899 915 CLXX.
1232 882 1233 897 ¹

479 961 510 994 F
509 961 633 994 acultas
647 961 835 1005 inquisitori
851 960 1006 993 Montano
1019 959 1215 1000 absolvendi,

520 1024 579 1056 per
606 1024 654 1054 se,
687 1014 736 1046 vel
770 1013 894 1053 alium,
926 1012 1079 1056 imposild
1108 1013 1215 1056 poeni-

525 1066 626 1098 tenlici
649 1066 804 1105 salutari,
834 1077 882 1099 eos
906 1066 965 1109 qui
993 1075 1143 1098 censuras
1166 1066 1215 1098 in-

523 1122 715 1159 currerunt,
740 1118 821 1161 quia
845 1118 1026 1151 Marlinum
1050 1117 1088 1150 de
1111 1117 1215 1151 Redin

520 1171 665 1214 priorem
695 1171 864 1204 Navarrae
895 1171 932 1203 in
964 1180 1121 1213 magnum
1151 1181 1215 1203 ma-

522 1224 660 1266 [sistrum
685 1223 856 1267 hospitalis
885 1224 916 1256 S.
941 1223 1076 1256 Ioannis
1100 1223 1215 1255 Hiero-

522 1276 715 1320 solymilani
737 1276 902 1319 eleqerunt
922 1280 1034 1308 contra
1053 1275 1214 1309 decretum

523 1330 626 1373 ipsius
651 1329 868 1373 inquisitoris.

478 1410 593 1438 Dilecto
612 1410 674 1438 filio
694 1410 837 1445 magistro
865 1410 942 1438 Iulio
964 1411 998 1438 de
1020 1411 1107 1438 oddis
1127 1411 1157 1438 in
1177 1419 1212 1438 u-

513 1454 619 1488 traque
640 1455 797 1490 signatura
816 1454 922 1483 nostra
941 1456 1156 1491 referendario,
1179 1464 1212 1484 ac

512 1499 685 1527 haereticae
704 1499 866 1533 pravitatis
886 1499 917 1526 in
940 1499 1040 1526 insula
1060 1500 1212 1528 Melitensi

511 1543 686 1577 Inquisitori
715 1544 898 1571 auctoritate
926 1543 1091 1578 apostolica
1120 1547 1212 1579 depu-

511 1590 587 1620 tato’
669 1624 834 1651 Alexander
855 1624 934 1658 Papa
952 1624 1013 1651 VII.

749 1684 863 1712 Dilecto
882 1685 940 1718 fili,

513 1729 642 1756 salutem
662 1732 693 1756 et.
713 1729 908 1763 apostolicam
926 1728 1175 1757 benedictionem.

521 1800 535 1843 ξ
555 1799 584 1832 ’1.
601 1800 688 1838 Cum,
706 1799 785 1832 sicut
805 1809 841 1831 ex
859 1799 1011 1832 relatione
1026 1801 1079 1832 tua
1096 1809 1211 1842 cogno-

477 1853 588 1894 vimus,
614 1858 647 1885 tu
671 1852 721 1885 die
745 1862 798 1885 xw
818 1852 942 1894 augusti
962 1852 1107 1895 proxime
1123 1862 1211 1895 prae-

477 1906 559 1940 teriti
580 1906 728 1939 dilectum
746 1905 845 1937 filium
866 1905 1030 1937 Martinum
1048 1905 1085 1937 de
1103 1905 1211 1945 Redin,

477 1964 550 1993 tunc
573 1959 711 2002 priorem
735 1959 894 2002 prioratus
928 1958 1084 1990 llavarrae
1109 1958 1211 2002 hospi-

476 2011 545 2046 talis
569 2012 598 2044 S.
625 2011 748 2045 Ioannis
773 2010 1061 2054 Ilierosolymitani‚
1086 2010 1124 2042 ad
1149 2011 1210 2043 ele-

475 2064 610 2098 ctionem
635 2064 673 2097 de
698 2064 763 2096 eius
784 2065 919 2107 persona
936 2063 965 2095 in
984 2074 1133 2106 magnum
1152 2075 1212 2096 ma-

474 2117 607 2160 gistrum
633 2117 706 2150 dicti
732 2116 893 2160 hospitalis
924 2116 1097 2149 faciendam
1114 2111 1210 2149 ⁴inha-

475 2170 658 2210 bilitaveris,
683 2180 821 2213 voceque
837 2169 937 2203 activa
962 2174 992 2202 et
1015 2169 1137 2213 passiva
1152 2171 1212 2213 pri-

476 2223 607 2263 vaveris,
632 2233 668 2255 ae
691 2222 838 2256 omnibus
854 2228 883 2255 et
903 2222 1044 2264 singulis,
1062 2222 1113 2265 qui
1138 2233 1209 2255 eum

476 2276 507 2309 in
532 2286 682 2318 magnum
707 2275 892 2318 magistrum
917 2275 1078 2318 hospitalis
1103 2275 1211 2308 huius-

477 2329 561 2362 modi
586 2328 748 2371 eligerent,
773 2339 827 2361 seu
851 2329 984 2361 electum
1009 2339 1213 2371 recognosce-

476 2386 556 2423 rent,
581 2381 742 2415 incursum
767 2381 798 2413 in
822 2391 971 2414 censuras
996 2381 1026 2413 in
1051 2381 1148 2414 sacris
1166 2392 1212 2414 ca-

477 2435 611 2468 nonibus
651 2440 681 2467 et
723 2434 997 2468 constitutionibus
1033 2435 1212 2478 apostolicis

478 2498 640 2532 expressas
660 2487 898 2521 denunciaveris
912 2515 919 2528 ,
944 2498 998 2520 seu
1023 2493 1212 2532 protestatus

516 2605 526 2631 1
548 2602 614 2631 Male
634 2603 697 2631 edit.
719 2603 795 2630 Main.
817 2603 881 2637 legit
901 2604 968 2630 1656
987 2610 1023 2637 tn.
1041 2608 1087 2633 T.).

1249 264 1355 306 fueris,
1381 268 1410 298 et
1434 264 1520 304 alias,
1546 268 1639 307 prout
1664 264 1695 295 in
1719 263 1845 296 decreto
1870 274 1925 297 seu
1940 263 1985 298 lit-

1250 317 1322 349 teris
1356 316 1416 349 tuis
1446 326 1539 359 super
1568 315 1629 348 hoc
1655 321 1798 349 emanato
1823 326 1878 349 seu
1902 327 1985 349 ema-

1250 370 1348 410 natis,
1374 369 1463 402 cuius
1493 378 1548 401 seu
1571 378 1707 411 quarum
1732 374 1873 402 tenorem
1898 379 1985 412 prae-

1250 422 1387 456 sentibus
1411 431 1469 464 pro
1494 421 1584 464 plene
1602 426 1632 453 et
1648 420 1839 454 sufficienter
1855 431 1984 464 expres-

1251 486 1284 508 so
1310 475 1419 508 haberi
1444 474 1598 516 volumus,
1620 473 1749 506 uberius
1768 473 1962 507 continetur:

1294 528 1309 570 g
1333 528 1361 559 ΕΣ.
1383 528 1455 566 Nos,
1474 536 1595 567 eorum,
1613 526 1666 569 qui
1687 525 1717 558 in
1734 536 1881 559 censuras
1899 536 1985 570 prae-

1252 579 1418 612 missorum
1444 578 1607 612 occasione
1635 579 1739 611 forsan
1764 578 1985 619 incurrerunt,

1250 642 1305 664 seu
1330 631 1499 665 incurrisse
1524 630 1687 674 praetendi
1717 636 1867 674 possent,
1891 631 1984 664 statui

1250 690 1280 717 et
1297 683 1506 717 conscientiae
1523 682 1682 716 securitati
1698 684 1830 726 paterna
1847 682 1985 726 benigni-

1232 741 1311 769 ¹=tate
1333 736 1498 769 consulere
1522 735 1670 777 volentes,
1695 735 1876 768 discretioni
1903 740 1984 775 tuae,

1231 800 1306 833 <per
1330 795 1375 829 te,
1401 790 1448 822 vel
1474 789 1579 831 alium,
1605 799 1660 822 seu
1684 789 1762 822 alios
1785 799 1803 821 a
1826 794 1856 821 te
1879 788 1982 832 depu-

1249 842 1378 883 tandos,
1402 852 1511 876 omnes
1535 846 1565 876 et
1596 842 1735 885 singulos
1767 841 1907 874 censuris
1926 841 1984 874 hu-

1250 895 1384 928 iusmodi
1403 894 1638 938 quomodolibet
1654 893 1839 936 innodat0s¹,
1860 903 1914 926 seu
1932 893 1985 937 qui

1250 947 1310 980 illis
1328 947 1466 981 innodati
1483 958 1551 981 esse
1568 947 1730 992 praetendi
1747 957 1875 991 quoquo
1891 946 1985 980 modo

1249 1006 1397 1044 possent,
1421 1001 1447 1034 si
1470 1000 1529 1034 hoc
1557 1011 1574 1033 a
1598 1006 1627 1033 te
1651 1000 1698 1033 vel
1722 999 1760 1032 ab
1784 999 1852 1032 aliis
1875 1009 1932 1043 per
1956 1005 1985 1032 te

1250 1053 1434 1097 deputandis
1458 1052 1626 1097 praedictis
1649 1052 1812 1086 humiliter
1828 1051 1984 1096 petierint,

1231 1107 1397 1150 ·in1posita
1415 1117 1524 1140 eorum
1550 1105 1680 1149 singulis
1704 1111 1757 1139 tuo
1782 1105 1830 1139 vel
1863 1114 1986 1139 eorum-

1249 1159 1319 1192 dem
1344 1170 1362 1192 a
1386 1164 1415 1192 te
1440 1159 1690 1203 deputandorum
1723 1158 1853 1192 arbitrio
1878 1168 1984 1202 respe-

1249 1212 1329 1245 ctive
1354 1212 1459 1255 aliqua
1482 1211 1673 1255 poenitentia
1697 1211 1825 1244 salutari
1840 1239 1847 1253 ,
1872 1221 1889 1243 a
1914 1221 1985 1243 cen-

1248 1265 1328 1297 suris
1353 1264 1521 1308 praedictis
1544 1264 1576 1296 in
1599 1269 1734 1307 utroque
1755 1264 1823 1296 soro
1851 1263 1986 1296 auctori-

1248 1322 1309 1350 tate
1333 1318 1438 1350 nostra
1463 1316 1636 1360 apostolica
1665 1315 1846 1349 absolvendi
1870 1321 1900 1348 et
1923 1316 1984 1359 ple-

1246 1370 1333 1404 narie
1356 1370 1526 1411 liberandi,
1553 1370 1684 1413 illosque
1707 1369 1739 1401 in
1762 1368 1930 1412 pristinum
1955 1375 1985 1402 et

1247 1434 1316 1456 eum
1342 1424 1374 1456 in
1398 1433 1460 1467 quo
1484 1428 1555 1455 ante
1580 1421 1762 1456 earumdem
1780 1431 1983 1456 censurarum

1247 1477 1406 1510 incursum
1431 1476 1667 1520 quomodolibet
1691 1480 1779 1509 erant
1801 1481 1914 1509 statum
1937 1476 1984 1509 di-

1246 1531 1295 1563 cta
1321 1530 1505 1564 auctoritate
1532 1529 1726 1569 restituendi,
1754 1528 1926 1572 reponendi
1954 1534 1984 1562 et

1247 1583 1458 1626 reintegrandi
1474 1593 1707 1627 quamcumque
1733 1582 1941 1615 necessariam
1954 1588 1984 1616 et

1246 1642 1453 1680 opportunam
1478 1636 1679 1677 facultatem,
1703 1635 1812 1668 eadem
1845 1635 1983 1669 auctori-

1246 1695 1317 1730 tate,
1331 1695 1439 1723 tenore
1454 1689 1678 1732 praesentium,
1699 1687 1865 1721 tribuimus
1882 1693 1912 1721 et
1929 1688 1984 1721 im-

1246 1742 1410 1785 pertimur.

1290 1796 1304 1838 g
1327 1795 1357 1828 3.
1382 1795 1450 1827 Non
1474 1794 1668 1828 obstantibus
1693 1794 1885 1837 praemissis,
1910 1804 1983 1828 nec-

1245 1858 1307 1881 non
1331 1848 1521 1892 apostolicis,
1546 1859 1582 1881 ac
1603 1847 1635 1880 in
1659 1847 1890 1881 universalibus
1913 1859 1983 1892 pro-

1246 1901 1491 1944 vincialibusque
1512 1900 1653 1934 conciliis
1669 1900 1770 1941 editis,
1783 1900 1983 1943 generalibus

1246 1955 1291 1987 vel
1316 1954 1518 1998 specialibus,
1545 1953 1820 1987 constitutionibus
1844 1958 1873 1988 et
1897 1953 1981 1988 ordi-

1245 2007 1433 2047 nationibus
1459 2013 1498 2047 et,
1523 2013 1674 2050 quatenus
1699 2017 1778 2051 opus
1802 2007 1850 2048 sit,
1874 2007 1982 2051 hospi-

1245 2061 1314 2094 talis
1340 2060 1508 2105 praedicti,
1533 2060 1626 2093 etiam
1651 2060 1841 2101 iuramento,
1866 2060 1981 2094 confir-

1245 2114 1382 2147 matione
1406 2114 1577 2157 apostolica
1593 2140 1600 2153 ,
1626 2114 1672 2146 vel
1703 2113 1811 2157 quavis
1835 2113 1982 2148 firmitate

1245 2168 1303 2200 alia
1325 2167 1490 2208 roboratis,
1508 2167 1631 2199 statutis
1648 2166 1980 2207 et'consuetudinibus,

1245 2220 1474 2262 stabilimentis,
1498 2219 1607 2253 usibus
1631 2224 1662 2253 et
1686 2219 1817 2260 naturis,
1841 2230 1877 2253 ac
1901 2219 1981 2253 ordi-

1245 2273 1424 2307 nationibus
1448 2273 1684 2316 capitularibus,
1708 2272 1881 2316 privilegiis
1904 2283 1982 2316 quo-

1245 2338 1324 2371 que,
1360 2326 1488 2360 indultis
1524 2331 1554 2359 et
1588 2326 1699 2360 litteris
1734 2325 1916 2370 apostolicis
1950 2325 1981 2359 in

1245 2381 1439 2414 contrarium
1464 2379 1711 2423 praemissorum
1746 2379 1982 2422 quomodolibet

1245 2433 1412 2476 concessis,
1430 2433 1622 2466 confirmatis
1638 2438 1668 2465 et
1684 2432 1848 2473 innovatis;
1868 2433 1980 2476 quibus

1245 2487 1391 2521 omnibus
1408 2492 1438 2519 et
1451 2486 1592 2529 singulis,
1606 2486 1733 2520 illorum
1748 2492 1872 2520 tenores
1889 2495 1977 2530 prae-

1284 2605 1292 2628 1
1312 2601 1378 2629 Male
1393 2601 1457 2628 edit.
1474 2600 1552 2629 Maia.
1569 2600 1633 2636 legit
1647 2599 1801 2628 innodatus
1816 2605 1853 2634 (¹¹¹-
1869 2600 1918 2633 Ἅι).

2046 541 2058 560 Α
2088 544 2172 564 tonsum

2000 566 2058 587 absol
2062 567 2078 587 vi
2082 569 2086 583 2
2090 583 2095 588 .

2066 1803 2170 1825 Contrarii-
2198 1808 2203 1814 *

1997 1829 2090 1856 derogat.
