2202 3190
227 195 275 220 Λιι.
295 195 321 220 ⁴3.
348 196 406 222 ttjtjl

260 1046 368 1092 filiiusulas
380 1051 417 1072 ap·

234 1080 238 1099 1
243 1081 273 1093 ·····
277 1079 281 1093 ι
295 1089 298 1093 .

460 185 521 218 722
1003 196 1178 220 nuenxntun

427 241 590 275 essentiam
629 246 657 273 et
695 241 876 285 qualitatem
912 243 1100 286 protectoris
1135 247 1165 277 et

426 294 630 338 protectionis
650 294 831 327 huiusmodi
848 301 1000 338 perpetuo
1014 296 1164 339 extingui-

427 357 496 379 mus
513 352 542 379 et
568 347 808 389 supprimimus,
827 347 869 380 ita
886 353 919 381 ut
932 348 969 381 de
983 354 1088 381 cetero
1109 359 1165 392 per

427 410 483 432 nos
503 405 533 432 et
555 399 664 432 Sedent
683 400 893 443 Apostolicam
911 411 1069 445 nunquam
1088 402 1165 434 alter

427 457 587 495 protector
605 452 705 484 eidem
726 453 860 496 collegio
877 453 1096 497 Capraniccnsi
1117 453 1166 486 dc-

428 505 528 548 putari
554 505 674 548 possit,
699 515 820 538 necnon
850 506 969 539 litteras
995 506 1166 539 Innocentii

429 559 681 602 praedecessoris
699 560 850 603 praedicti
869 571 1036 600 cassanum,
1057 561 1167 593 annul-

429 613 529 644 lamus
554 617 584 644 ct
610 612 780 653 irritamus,
806 624 841 646 ac
867 625 926 657 pro
951 613 1087 655 cassatis,
1113 623 1166 645 an-

429 665 565 705 nullatis,
590 665 687 698 irritis
717 666 824 699 baberi
851 667 995 700 volumus
1019 672 1049 699 ct
1073 676 1163 698 man-

431 717 550 750 damus.
573 718 672 751 Immo
692 730 750 762 pro
769 719 882 763 potiori
900 720 1031 759 cautela,
1051 724 1080 752 ct
1097 728 1169 762 qua-

431 777 520 804 tenus
537 782 615 815 opus
629 772 678 812 sit,
694 773 952 813 iurisdictionem,
967 773 1169 815 gubernium,

431 829 460 857 et
484 824 544 857 alia
569 825 739 868 praemissa
764 826 879 858 eisdem
909 825 1091 858 custodibus
1115 835 1169 868 gu-

431 878 652 912 bernatoribus
681 879 719 912 de
747 890 828 912 novo
856 879 1057 912 concedimus
1087 878 1170 911 iuxta

430 932 563 965 sormam
580 932 811 975 praedictarum
831 932 1088 965 constitutionum
1108 942 1172 964 car-

433 984 545 1017 dinalis
566 986 748 1018 fundatoris.

477 1039 492 1079 ,ξ
515 1038 544 1070 3.
571 1038 778 1071 Decernentes
802 1043 982 1081 praesentes
1007 1037 1126 1071 litteras
1144 1041 1173 1071 et

433 1091 463 1123 in
489 1091 533 1123 cis
559 1095 702 1124 contenta
727 1101 954 1134 quaecumque,
970 1090 1063 1123 etiam
1089 1090 1171 1134 quod

434 1144 585 1176 Antonius
621 1143 788 1176 cardinalis
822 1143 1023 1186 praedictus,
1062 1148 1091 1176 et
1121 1143 1172 1175 alii

434 1197 624 1240 quicumque
652 1197 745 1229 ctiam
775 1196 886 1229 similis
914 1196 1094 1239 dignitatis,
1119 1207 1174 1229 seu

434 1251 570 1284 cuiusvis
595 1251 722 1284 alterius
747 1255 859 1292 status,
884 1251 1019 1292 gradus,
1044 1251 1174 1290 ordinis,

434 1304 699 1347 praeminentiae‚
724 1313 778 1336 seu
803 1303 863 1335 alia
888 1303 1016 1346 speciali
1049 1305 1121 1336 nota
1146 1308 1175 1337 et

436 1357 637 1400 expressione
665 1356 752 1399 digni
774 1356 914 1396 existant,
937 1356 998 1388 illis
1022 1366 1083 1389 non
1105 1367 1176 1389 con-

435 1411 599 1451 senserint,
624 1415 676 1442 aut
701 1410 738 1442 ad
763 1420 798 1442 ca
821 1409 921 1442 vocati
940 1415 968 1442 et
993 1410 1099 1449 auditi,
1121 1420 1175 1442 seu

437 1475 557 1503 causae,
572 1469 702 1507 propter
715 1474 792 1507 quas
806 1467 998 1504 emanarunt,
1013 1463 1174 1504 adductae,

437 1518 612 1550 verificatae
637 1522 666 1549 et
691 1517 874 1550 iustificatae
894 1526 957 1549 non
974 1516 1099 1556 suerint,
1124 1521 1177 1549 aut

437 1582 472 1603 ex
498 1571 556 1603 alia
575 1581 770 1614 quacumque
788 1570 988 1614 quantumvis
1008 1570 1098 1610 iusta,
1112 1570 1175 1614 pia,

437 1624 598 1667 legitima,
624 1624 756 1657 iuridica
781 1629 810 1657 et
839 1624 1036 1667 privilegiata
1062 1625 1175 1664 causa,

439 1678 555 1717 colore,
581 1682 742 1720 praetextu
765 1682 794 1709 et
819 1677 929 1720 capite,
954 1678 1046 1709 etiam
1062 1677 1090 1709 in
1112 1688 1177 1709 cor-

438 1741 515 1774 pore
542 1730 618 1763 iuris
643 1730 760 1770 clauso,
786 1729 878 1762 etiam
905 1729 1053 1769 enormis,
1079 1740 1173 1762 enor-

439 1783 596 1816 missimae
621 1787 649 1816 et
675 1782 778 1816 totalis
813 1782 961 1815 laesionis
979 1809 986 1823 ‚
1010 1783 1097 1815 nullo
1123 1787 1195 1815 tin-¹

439 1847 532 1880 quam
558 1842 699 1880 tempore
717 1836 755 1869 de
772 1836 986 1879 subreptionis
1003 1837 1050 1868 vel
1069 1836 1178 1879 obrep-

440 1890 532 1923 tionis
560 1895 612 1922 aut
636 1889 784 1923 nullitatis
806 1889 890 1929 vitio,
918 1900 972 1922 seu
998 1890 1179 1923 intentionis

440 1949 565 1976 nostrae
590 1949 642 1975 aut
666 1943 815 1975 interesse
839 1942 1022 1974 habentium
1053 1953 1180 1975 consen-

439 2006 492 2029 sus
509 1995 608 2028 aliove
625 1994 879 2038 quomodolibet¹
899 1995 1098 2038 quantumvis
1119 2006 1180 2027 tna-

441 2059 503 2091 gno
529 2054 557 2081 et
591 2049 784 2081 substantiali
811 2048 903 2080 etiam
925 2048 1134 2091 inexcogitato
1151 2054 1180 2081 et

442 2102 674 2144 inexcogitabili
701 2103 823 2135 defectu
848 2102 966 2143 notari,
992 2102 1179 2146 impugnari,

443 2156 600 2198 redargui,
626 2156 763 2199 infringi,
790 2156 974 2198 retractari,
1001 2156 1031 2188 in
1053 2157 1099 2189 ius
1133 2157 1179 2188 vel

443 2209 688 2242 controversiam
714 2209 866 2249 revocari,
891 2214 944 2241 aut
967 2209 1005 2241 ad
1031 2209 1180 2242 terminos

444 2262 521 2295 iuris
546 2262 663 2301 reduci,
689 2272 744 2294 seu
768 2262 917 2295 adversus
941 2261 1009 2295 illas
1034 2262 1181 2305 aperitio-

444 2315 491 2347 nis
512 2316 585 2357 oris,
605 2315 809 2349 restitutionIS
827 2315 857 2347 in
875 2315 1043 2357 integrum,
1059 2316 1181 2348 aliudve

445 2368 663 2411 quodcumque
683 2369 769 2409 iuris,
787 2368 858 2401 sacti
877 2369 923 2401 vel
941 2369 1059 2411 gratiae
1073 2379 1177 2402 reme-

446 2420 530 2452 dium
550 2421 722 2464 impetrari,
748 2426 800 2454 aut
826 2421 1003 2464 impetrato,
1025 2422 1071 2454 vel
1089 2421 1180 2454 etiam

446 2479 553 2515 motu,
579 2474 707 2507 scicntia
732 2480 762 2507 et
793 2475 953 2518 potestatis
989 2468 1200 2518 plenitudine¹

486 2590 494 2614 l
518 2587 670 2622 Legat-mlum
692 2589 818 2622 quotibet
838 2592 876 2624 (n.
894 2590 940 2624 Ἰ..)

1205 196 1356 221 ΗΟΜᾹΜΣΜ

1198 243 1353 277 similibus
1378 254 1536 285 concesso,
1561 246 1739 289 quempiam
1765 246 1796 278 in
1820 247 1934 280 iudicio

1200 296 1246 328 vel
1271 302 1357 329 extra
1381 296 1457 329 illud
1481 297 1524 329 uti
1549 307 1603 330 seu
1633 307 1664 330 se
1696 297 1802 330 iuvare
1827 309 1934 341 posse,

1200 349 1252 381 scd
1278 349 1401 382 easdem
1423 354 1602 393 praesentes
1619 360 1743 393 semper
1753 350 1871 391 sirmas,
1890 362 1936 384 va-
1964 366 2003 413 bnt
2025 366 2058 396 ab·
2076 367 2130 389 omni
2181 343 2182 382 Ῠ

1951 398 1963 412 0
1980 399 2060 414 ΞΘῙὟὸΙΊ
2075 399 2130 416 ΒἍΙΙ·

1200 401 1277 434 lidas
1302 408 1331 435 et
1355 402 1495 436 efficaces
1519 403 1652 436 existere
1676 408 1706 436 et
1727 403 1803 444 sore,
1821 414 1856 437 ac
1874 415 1937 437 mo-

1200 455 1305 487 dernis
1330 461 1359 488 ct
1384 466 1443 499 pro
1477 461 1620 499 tempore
1656 455 1862 489 existentibus
1882 467 1937 489 cu-

1201 508 1342 541 stodibus
1356 508 1620 551 gubernatoribus
1631 508 1811 552 plenissime
1828 514 1858 541 ct
1872 519 1940 552 per-

1201 567 1297 605 petuo
1329 561 1518 604 suffragari,
1550 567 1580 594 ct
1610 562 1648 594 ab
1684 562 1765 603 illis,
1791 561 1828 594 ad
1862 572 1940 605 quos

1202 617 1323 658 spectat
1346 619 1376 647 et
1399 625 1457 658 pro
1483 619 1623 658 ternpore
1648 615 1817 658 spectabit,
1842 614 1941 648 invio-

1203 667 1337 700 labiliter
1360 673 1390 699 et
1416 668 1600 701 inconcusse
1625 668 1808 708 observari,
1831 667 1940 711 sicque

1204 725 1233 752 et
1257 730 1320 753 non
1345 720 1420 752 alias
1455 721 1487 753 in
1517 721 1697 764 praemissis
1733 720 1881 753 omnibus
1912 725 1942 753 et

1204 774 1335 816 singulis
1360 775 1492 816 censeri,
1517 779 1608 818 atque
1634 775 1674 807 ita
1700 785 1756 817 per
1773 784 1943 817 quoscum-

1204 837 1264 869 que
1290 826 1406 859 iudices
1430 827 1606 860 ordinarios
1624 832 1654 860 et
1667 827 1835 869 delegatos,
1850 827 1944 860 etiam

1205 890 1369 911 causarum
1395 880 1500 923 palatii
1526 879 1688 923 apostolici
1713 879 1882 921 auditores,
1909 890 1945 912 ac

1206 931 1234 964 S.
1250 932 1283 964 R.
1299 932 1330 964 E.
1348 932 1531 973 cardinales,
1549 933 1641 965 etiam
1657 932 1694 965 de
1712 933 1808 965 latere
1825 932 1944 975 legatos

1207 990 1236 1017 et
1251 985 1448 1028 vicelegatos,
1462 991 1492 1018 et
1507 986 1584 1018 alios
1602 986 1758 1030 quoslibet
1772 985 1879 1029 quavis
1893 995 1945 1018 au-

1207 1038 1350 1071 ctoritate
1370 1044 1400 1071 et
1421 1043 1573 1082 potestate
1594 1039 1756 1081 fungentes
1773 1043 1803 1070 et
1817 1048 1946 1081 quomo-

1208 1091 1384 1135 donumque
1404 1093 1576 1133 suncturos,
1595 1092 1714 1125 sublata
1728 1091 1771 1124 eis
1788 1095 1817 1126 et
1833 1102 1945 1125 eorum

1208 1145 1336 1178 cuilibet
1360 1145 1469 1188 quavis
1493 1146 1583 1178 aliter
1608 1145 1763 1178 iudicandi
1789 1150 1818 1177 et
1843 1145 1943 1178 inter-

1208 1198 1351 1241 pretandi
1376 1199 1530 1239 facultate,
1556 1198 1687 1232 iudicari
1706 1204 1735 1231 et
1753 1198 1877 1230 definiri
1894 1198 1946 1231 de-

1209 1252 1293 1291 bere,
1308 1252 1432 1285 irritum
1451 1262 1574 1295 quoque
1592 1258 1621 1284 et
1639 1252 1738 1294 inane,
1753 1251 1776 1284 si
1793 1262 1882 1284 secus
1900 1263 1947 1285 su-

1209 1316 1265 1348 per
1290 1305 1338 1337 his
1363 1316 1379 1337 a
1405 1315 1581 1348 quoquam,
1607 1305 1715 1348 quavis
1740 1305 1946 1346 auctoritato,

1210 1359 1343 1391 scienter
1369 1359 1414 1391 vcl
1441 1359 1632 1401 ignoranter,
1651 1358 1817 1401 contigerit
1840 1363 1943 1391 atten-

1210 1412 1278 1444 tari.

1254 1465 1269 1508 5
1292 1464 1321 1497 4.
1347 1465 1414 1497 Non
1440 1464 1636 1498 obstantibus
1660 1464 1807 1498 omnibus
1831 1469 1861 1497 et
1885 1465 1948 1497 sin-

1211 1518 1291 1561 gulis
1316 1518 1506 1562 praemissis,
1535 1523 1572 1560 et,
1603 1524 1756 1561 quatenus
1787 1528 1865 1562 opus
1897 1519 1946 1560 sit,

1210 1572 1318 1603 nostra
1339 1576 1369 1604 ct
1394 1571 1599 1604 cancellariae
1624 1571 1813 1614 apostolicae
1837 1573 1948 1614 regula

1211 1623 1248 1656 de
1272 1633 1334 1657 non
1361 1624 1498 1657 tollendo
1530 1624 1597 1657 iure
1629 1625 1791 1667 quaesito,
1818 1625 1949 1668 aliisque

1212 1677 1483 1711 constitutionibus
1508 1682 1537 1710 et
1561 1677 1809 1711 ordinationibus
1829 1684 1950 1721 aposto-

1213 1731 1297 1772 licis,
1322 1741 1443 1764 necnon
1475 1730 1614 1763 eiusdem
1646 1731 1769 1774 collegii
1795 1731 1946 1775 Caprani-

1212 1783 1323 1824 censis,
1337 1788 1366 1817 et
1381 1784 1449 1816 aliis
1465 1784 1637 1826 quibusvis,
1651 1784 1743 1816 etiam
1764 1784 1949 1825 iuramento,

1213 1837 1451 1870 confirmatione
1476 1837 1669 1880 apostolica,
1694 1837 1741 1869 vel
1765 1838 1872 1881 quavis
1897 1838 1950 1871 fir-

1215 1890 1319 1923 mitate
1343 1890 1402 1922 alia
1417 1890 1583 1930 roboratis,
1605 1890 1726 1923 statutis
1740 1895 1769 1923 et
1787 1896 1951 1924 consuetu-

1214 1943 1348 1983 dinibus,
1374 1944 1468 1987 stylis,
1495 1944 1614 1983 usibus,
1638 1944 1730 1976 etiam
1754 1944 1951 1977 immemora-

1214 1996 1340 2036 bilibus,
1361 1996 1534 2040 privilegiis
1558 2007 1693 2040 quoque,
1714 1996 1841 2029 indultis
1857 2002 1887 2029 et
1906 1997 1952 2030 lit-

1215 2049 1289 2081 teris
1320 2049 1521 2092 apostolicis,
1547 2055 1610 2082 tam
1643 2049 1831 2090 Innocentii,
1857 2059 1948 2093 quam

1214 2102 1426 2145 quorumlibet
1451 2103 1584 2136 aliorum
1609 2103 1821 2136 Romanorum
1847 2102 1950 2136 Ponti-

1215 2156 1310 2188 ficum
1337 2155 1616 2199 praedecessorum
1649 2161 1852 2195 nostrorum,
1876 2157 1951 2200 qui-

1215 2209 1361 2249 buslibet,
1376 2209 1468 2241 etiam
1483 2209 1512 2242 S.
1528 2210 1561 2242 R.
1579 2210 1611 2242 E.
1630 2209 1851 2251 cardinalibus,
1872 2209 1951 2242 aliis-

1215 2273 1275 2306 que
1299 2263 1562 2306 quibuscumque,
1588 2263 1645 2296 sub
1669 2263 1834 2306 quibusvis
1858 2263 1949 2295 etiam

1216 2315 1487 2358 derogatoriarum
1513 2315 1743 2358 derogatoriis,
1768 2315 1951 2348 efficaciori-

1217 2370 1296 2409 bus,
1322 2369 1546 2402 essicacissimis
1569 2374 1600 2402 et
1626 2369 1756 2401 insolitis
1781 2368 1950 2408 clausulis,

1218 2421 1412 2454 irritantibus
1434 2427 1463 2454 et
1479 2421 1547 2454 aliis
1560 2421 1706 2461 decretis,
1724 2421 1754 2453 in
1771 2431 1886 2463 genere
1903 2421 1950 2453 vel

1217 2476 1247 2508 in
1272 2475 1384 2518 specie,
1407 2475 1499 2508 etiam
1521 2480 1619 2514 motu,
1643 2474 1782 2514 scientia,
1802 2474 1951 2507 delibera-

1217 2528 1300 2561 tione
1325 2533 1353 2561 et
1379 2527 1540 2571 potcstatis
1565 2528 1761 2571 ,plenitudine
1787 2527 1948 2566 similibus,

1216 2592 1251 2614 ac
1275 2582 1542 2625 consistorialiter,
1556 2587 1607 2614 aut
1620 2581 1695 2614 alias
1714 2580 1950 2625 quomodolibet

1944 200 1991 226 An.
2012 200 2041 226 G.
2063 201 2124 229 ¹661

2031 1475 2136 1506 Derogatio

1963 1505 2114 1524 contrariorum.
