2263 3215
317 231 365 257 An.
387 230 414 256 C.
436 228 504 256 1656

317 291 388 312 ‹liendi
437 296 501 317 quae-

317 324 407 345 cumque
455 321 501 340 loca

317 351 387 367 sacra.

347 1064 349 1066 q
395 1036 504 1056 Contraria

321 1064 397 1084 retii-it.

360 2206 475 2227 Licentiam
486 2210 515 2225 re·

334 2234 394 2258 ainau
427 2232 517 2253 Sveciae

334 2258 464 2285 ingrediendi
476 2263 517 2278 mo-

334 2286 448 2306 nasterium
469 2285 517 2305 Car·

335 2313 471 2332 thusrensium
499 2313 518 2331 et

326 2339 430 2359 rErcmum
439 2338 519 2358 carnal-

335 2365 452 2385 dulrnsinrn
483 2371 518 2385 tm-

335 2394 430 2419 permut,

550 219 613 253 106
1087 226 1266 251 submerum

516 276 626 310 Sedem
645 276 716 309 fidei
732 281 761 308 et
774 275 931 309 devotioni
946 274 1120 316 coniuncta,
1133 285 1255 319 prome-

518 334 604 362 retur
621 334 655 361 ut
675 329 701 361 ei
725 328 860 362 libenter
878 328 1088 361 concedamus
1112 339 1191 372 quae
1216 328 1254 361 ad
1271 356 1272 366 2

517 382 710 426 spiritualem
736 382 802 414 eius
827 381 1071 415 consolationem
1097 382 1273 426 pertinere

517 435 718 468 arbitramur.
730 436 836 478 Itaque
851 435 951 468 eidem
968 435 1118 467 maiestati
1134 441 1213 477 tuac,
1224 440 1256 467 ut
1272 459 1274 477 η,

518 493 651 533 cryptas,
676 489 832 532 cappellas
849 493 878 521 et
898 488 957 521 alia
975 489 1043 522 loca
1063 499 1150 521 sacra
1167 499 1257 532 quae-

518 552 652 586 cumque
670 541 698 574 in
714 542 771 575 hac
789 542 869 574 alma
894 542 976 575 Urbe
1001 544 1108 575 nostra
1129 542 1275 576 existen-⁴

519 595 570 635 tia,
595 605 727 638 quarum
741 598 770 628 et
783 605 919 638 quorum
934 595 1094 637 ingressus
1114 594 1257 638 personis

519 648 644 681 feminei
665 658 757 680 sexus
778 647 1014 691 quomodolibet
1038 647 1195 691 reperitur
1212 642 1276 679 in-¹

519 701 678 744 terdictus‚
705 702 795 735 toties
813 702 935 745 quoties
952 701 1100 741 volueris,
1118 711 1188 733 cum
1206 701 1259 733 ho-

519 760 607 788 nesto
633 760 663 788 et
683 755 846 788 moderato
872 755 1012 788 virorum
1037 760 1067 787 et
1092 754 1258 786 mulierum

520 808 670 842 comitatu
695 808 817 851 ingredi
836 807 935 840 libere
960 813 989 840 et
1009 807 1092 840 licite
1110 806 1210 850 possis
1230 812 1259 839 et

520 862 633 902 valeas,
646 861 819 905 apostolica
833 860 1029 902 auctoritate,
1050 865 1159 893 tenore
1172 870 1260 903 prae-

520 915 665 955 sentium,
691 914 891 948 concedimus
915 919 945 947 et
969 913 1180 956 indulgemus.

564 969 578 1012 ἓ
602 968 631 1001 3.
664 969 731 1001 Non
759 967 954 1001 obstantibus
985 966 1260 1000 constitutionibus

521 1027 550 1055 et
567 1021 816 1055 ordinationibus
840 1020 1030 1064 apostolicis,
1049 1029 1171 1052 necnon
1191 1019 1259 1063 qui-

520 1075 642 1116 busvis,
675 1075 766 1107 etiam
798 1074 988 1114 iuramento,
1022 1072 1260 1106 confirmatione

522 1128 704 1172 apostoliea,
724 1128 770 1160 vel
792 1127 901 1171 quavis
919 1127 1067 1159 firmitate
1091 1126 1151 1159 alia
1172 1126 1262 1159 robo-

522 1182 618 1221 ratis,
646 1181 768 1214 statutis
793 1186 823 1214 et
852 1180 1147 1220 consuetudinibus,
1180 1184 1261 1214 cete-

522 1236 629 1279 risque
653 1234 819 1268 contrariis
843 1234 1103 1278 quibuscumque.

567 1288 678 1321 Datum
703 1288 840 1328 Romae,
864 1287 946 1331 apud
976 1287 1005 1320 S,
1031 1287 1177 1327 Petrum,
1205 1286 1262 1319 sub

524 1339 639 1372 annulo
657 1338 835 1381 piscatoris,
856 1338 906 1371 die
925 1348 959 1372 111
977 1338 1108 1371 ianuarii
1134 1348 1262 1380 noemi,

524 1392 723 1437 pontificatus
747 1392 846 1426 nostri
870 1402 952 1425 anno
976 1402 995 1425 1.

561 1455 622 1483 Dat.
640 1454 681 1483 die
697 1455 713 1482 3
727 1454 843 1482 ianuarii
860 1454 937 1489 1656,
954 1453 1049 1490 pontif.
1066 1461 1136 1481 anno
1152 1460 1169 1480 1.

851 1598 898 1630 LX
904 1598 933 1629 V.

527 1680 675 1713 Licentia
685 1680 817 1722 reyincte
826 1678 955 1712 Sveciae
969 1678 1177 1721 inyrecliendi
1188 1688 1266 1721 quo·

574 1734 630 1765 ties
649 1732 786 1765 voluerit
806 1731 1037 1764 monasterium
1056 1731 1266 1764 Cctrthusien-

572 1787 658 1819 sium
684 1785 721 1818 de
750 1785 839 1825 Urbe,
866 1796 903 1817 ac
934 1794 1076 1817 eremum
1096 1783 1268 1817 Camaldu-

575 1838 713 1871 lensium
731 1848 832 1882 prope
852 1835 1056 1870 Tusculum&

607 1918 783 1946 carissimae
798 1918 828 1945 in
843 1917 959 1945 Christo
973 1917 1052 1944 filiae
1067 1920 1189 1944 nostrae

584 1963 762 1996 christinae,
791 1963 914 1991 sveciae
942 1962 1064 1996 reginae
1093 1961 1214 1995 illustri,

723 2016 890 2044 Alexander
909 2016 989 2049 Papa
1007 2015 1067 2042 vll.

617 2078 776 2107 Carissima
796 2079 826 2105 in
847 2078 964 2105 Christo
983 2077 1046 2105 filia
1066 2079 1177 2109 nostra,

567 2124 696 2151 salutem
716 2125 746 2150 et
766 2122 961 2156 apostoticam
986 2121 1234 2149 benedictionem.

577 2195 592 2238 ξ
618 2194 645 2227 1.
671 2194 846 2237 Singularis
871 2192 1039 2227 maiestatis
1070 2197 1141 2225 tuae
1172 2192 1271 2236 pietas

533 2253 745 2293 promeretur,
771 2252 804 2280 ut
828 2258 873 2287 ea,
899 2247 1012 2291 quibus
1032 2246 1203 2290 spiritualis
1222 2251 1272 2278 tua

534 2301 707 2336 consolatio
731 2300 839 2344 angeri
855 2306 965 2345 potest,
982 2300 1035 2332 tibi
1051 2300 1185 2332 libenter
1199 2309 1271 2332 con-

534 2355 690 2388 cedamus.
718 2355 825 2398 Itaque
847 2352 1017 2386 maiestati2
1043 2359 1122 2393 tuae,
1140 2358 1184 2393 ut,
1201 2363 1272 2386 cum

534 2409 667 2442 honesto
692 2413 721 2441 et
747 2408 909 2441 moderato
933 2408 1051 2451 aliquot
1083 2406 1272 2447 mulierum,

535 2473 611 2506 quas
637 2468 668 2494 tu
693 2461 730 2494 ad
752 2462 811 2495 lioc
828 2460 986 2504 eligendas
1004 2461 1142 2500 duxeris,
1156 2465 1186 2493 et
1201 2470 1274 2493 non-

535 2516 695 2549 nullorum
724 2515 863 2548 virorum
889 2519 989 2548 aetate
1007 2520 1036 2547 et
1054 2514 1194 2547 moribus
1208 2524 1274 2556 gra-

575 2588 582 2612 t
604 2586 640 2612 Ex
657 2587 765 2617 negest.
783 2586 807 2612 in
824 2586 921 2612 secret.
940 2585 1017 2613 Brev.

571 2631 587 2657 2
607 2631 675 2659 Edit.
698 2632 778 2659 Main.
800 2631 866 2666 legit
885 2631 1046 2659 vizaiestatis
1064 2631 1102 2665 (n.
1118 2631 1167 2665 τ.).

1294 226 1449 252 ROMANUM

1286 274 1370 308 vium
1394 285 1528 308 numero
1552 280 1583 308 et
1607 274 1775 315 comitatu,
1802 275 2027 309 monasterium

1288 329 1516 362 monachorum
1548 328 1828 361 Carthusianorum
1859 329 1952 361 huius
1975 329 2024 361 al-

1289 392 1357 414 mae
1382 381 1483 421 Urbis,
1507 391 1629 414 necnon
1650 390 1792 413 eremum
1815 380 2028 414 Camaldulcn-

1289 434 1370 467 sium
1394 444 1493 478 prope
1519 434 1700 474 Tusculum,
1721 444 1756 466 ac
1782 434 1863 467 intra
1886 439 1974 478 septa
1999 439 2029 467 et

1290 489 1466 521 clausuram
1483 487 1663 521 monasterii
1677 492 1707 520 et
1720 487 1818 520 eremi
1835 487 2028 529 huiusmodi,

1290 541 1411 584 quoties
1436 541 1597 583 volueris,
1624 540 1746 583 ingredi
1769 540 1868 573 libere
1893 545 1923 573 et
1948 541 2031 574 licite

1291 594 1392 639 possis
1417 599 1446 627 et
1470 594 1583 634 valeas,
1609 594 1649 626 ita
1681 598 1795 636 tamen,
1818 598 1852 626 ut
1875 603 1976 637 neque
1997 598 2030 626 tu

1291 657 1392 691 neque
1416 647 1516 680 dictae
1542 646 1690 679 mulieres
1714 646 1790 679 inibi
1819 645 2029 690 pernoctetis,

1292 700 1462 744 apostolica
1476 700 1670 741 auctoritate,
1684 704 1792 732 tenore
1806 699 2030 743 praesentium,

1292 753 1493 786 concedimus
1518 757 1548 785 et
1567 752 1777 795 indulgemus.

1337 808 1351 851 g
1375 808 1404 841 ⁶2.
1430 808 1498 841 Non
1529 807 1724 842 obstantibus
1757 806 2031 840 constitutionibus

1293 865 1322 893 et
1346 860 1596 894 ordinationibus
1615 860 1814 904 apostolicis,
1839 870 1874 892 ac
1898 869 2028 893 eorum-

1293 913 1364 945 dem
1390 913 1570 946 monasterii
1596 918 1625 946 et
1650 913 1746 946 eremi
1773 917 1802 946 et
1831 912 1958 946 illorum
1984 922 2032 946 or-

1293 965 1417 1007 dinum,
1445 966 1538 999 etiam
1571 966 1768 1007 iuramento,
1794 965 2032 1000 confirmatione

1293 1020 1473 1063 apostolica,
1488 1019 1536 1053 vel
1553 1020 1661 1064 quavis
1685 1019 1832 1052 firmitate
1856 1019 1918 1052 alia
1941 1020 2033 1053 robo-

1294 1073 1379 1114 ratis,
1403 1074 1523 1106 statutis
1549 1079 1578 1106 et
1602 1072 1889 1113 consuetudinibus,
1909 1073 2034 1106 ceteris-

1295 1137 1354 1171 que
1379 1127 1546 1160 contrariis
1570 1127 1833 1171 quibuscumque.

1339 1181 1448 1213 Datum
1475 1181 1609 1221 Rornae,
1639 1180 1722 1224 apud
1746 1180 1775 1213 S.
1800 1180 1927 1213 Petrum
1942 1207 1949 1221 ‚
1974 1180 2033 1213 sub

1295 1235 1410 1267 annulo
1436 1234 1612 1276 Piscator-is,
1633 1234 1684 1267 die
1701 1244 1735 1267 111
1753 1233 1885 1266 ianuarii
1906 1243 2034 1274 Mncnvi,

1295 1287 1494 1332 pontificatus
1518 1287 1616 1321 nostri
1641 1297 1722 1320 anno
1747 1297 1765 1320 1.

1331 1351 1390 1378 Dat.
1411 1350 1454 1378 die
1470 1350 1485 1378 3
1501 1350 1614 1378 ianuarii
1631 1350 1709 1384 1656,
1730 1350 1828 1386 pontif.
1848 1358 1919 1378 anno
1936 1358 1953 1378 1.

1615 1489 1713 1523 LXVI.

1299 1581 1434 1614 Sacram
1459 1584 1488 1613 et
1512 1580 1724 1624 apostoticam
1747 1579 1969 1613 visitationem
1990 1590 2038 1613 ec-

1344 1633 1517 1666 clesiarum
1541 1633 1690 1666 omnium
1720 1632 1814 1666 Urbis
1835 1632 2039 1676 locorumque

1341 1688 1483 1730 piorum,
1509 1691 1537 1719 et
1561 1686 1787 1729 quadraqinta
1810 1686 1967 1718 horarum
1991 1696 2039 1719 ce-

1346 1741 1555 1773 lebrationem
1570 1749 1643 1772 cum
1659 1739 1946 1782 indulqentictrum
1961 1739 2040 1772 elar-

1344 1794 1466 1837 9ilione
1490 1793 1618 1826 indicit.

1486 1872 1651 1900 Alexander
1680 1872 1850 1907 episcopus,

1495 1924 1601 1945 servus
1613 1924 1767 1944 servorum
1782 1917 1844 1950 Dei,

1302 1981 1426 2009 nitentis
1447 1980 1519 2008 filiis
1538 1980 1679 2008 universo
1700 1981 1779 2008 clero
1804 1983 1835 2008 et
1858 1981 1965 2014 populo
1986 1980 2040 2008 Ro-

1338 2032 1434 2058 mano,
1452 2025 1582 2052 satutem
1601 2027 1632 2052 et.
1651 2024 1844 2058 apostoticam
1860 2023 2042 2052 henedictio-

1338 2077 1416 2098 nem.

1348 2141 1553 2175 Commissam
1570 2139 1660 2173 nobis
1678 2139 1848 2173 Ecclesiam
1866 2140 1951 2184 vigili
1969 2141 2044 2174 cura

1305 2205 1341 2228 ac
1366 2193 1470 2227 studio
1496 2193 1562 2226 dies
1586 2198 1757 2237 noctesque
1781 2193 1942 2236 obeuntes,
1964 2193 2045 2227 cala-

1307 2248 1450 2281 mitatum
1475 2257 1510 2279 ac
1535 2246 1782 2287 tribulationum,
1811 2257 1890 2291 quae
1919 2247 2045 2280 invene-

1306 2306 1380 2334 runt
1403 2311 1459 2334 nos
1484 2300 1588 2341 nimis,
1610 2300 1745 2334 obiectu¹
1763 2311 1826 2334 non
1849 2300 2046 2334 deterremur

1306 2359 1359 2388 aut
1377 2354 1566 2397 frangimur,
1586 2353 1726 2397 quinimo
1741 2354 1780 2387 ad
1795 2354 1897 2394 Illum,
1911 2355 1963 2398 qui
1977 2364 2046 2388 eam

1307 2407 1365 2440 sibi
1390 2407 1562 2451 praeelegit
1579 2406 1609 2439 in
1628 2417 1785 2451 sponsam,
1803 2407 1932 2442 sidentes
1949 2407 2047 2451 respi-

1307 2462 1419 2501 cimus,
1433 2464 1463 2494 et
1475 2471 1568 2504 quam
1581 2460 1639 2504 ipsi
1656 2459 1854 2494 immensam³
1866 2460 2048 2494 sollicitudi-

1307 2525 1378 2548 nem
1404 2518 1433 2547 et
1457 2513 1640 2548 charitatem
1665 2514 1826 2555 debemus,
1845 2514 1930 2548 omni
1950 2515 2046 2558 opera

1345 2586 1355 2611 1
1379 2585 1423 2611 Sic
1443 2585 1507 2611 edit.
1529 2585 1619 2618 Main.;
1640 2585 1729 2612 forsan
1749 2586 1847 2613 obtutu
1865 2586 1904 2619 (n.
1927 2586 1975 2617 τ.).

1344 2629 1360 2655 ⁶2
1380 2630 1483 2657 Forsan
1504 2630 1664 2665 impensam
1682 2630 1720 2665 (n.
1741 2629 1790 2664 τ.).

2034 228 2087 255 An.
2107 228 2138 256 C.
2157 229 2221 263 1658

2073 820 2183 842 Contraria
2195 826 2227 843 rs·
2262 833 2263 859 t

2045 847 2110 874 pellit.

2086 2149 2205 2171 Exordium.
2242 2165 2244 2169 .
2260 2140 2263 2148 ¹
