2202 3190
275 195 322 223 11η.
342 195 452 224 01661
503 189 566 222 710

300 1261 415 1288 Expositio.

299 1893 397 1917 Definitio
420 1902 455 1918 ca·

272 1924 334 1949 pituli
345 1924 456 1949 generalis.

779 246 904 280 CCCLV.

471 318 694 359 Praeceptum,
719 322 755 350 ut
780 322 946 351 serventur
965 319 1208 352 constitutiones

517 370 782 412 Confflreqalionis
814 371 846 403 S.
879 372 1005 405 Mariae
1043 373 1208 406 Fuliensis

516 422 650 456 Ordinis
685 424 903 457 Cislerciensis
935 426 1079 458 nationis
1105 426 1210 459 Galli-

515 486 613 509 canae
637 478 723 509 circa
753 477 904 510 dicendas
929 479 1039 522 culpas
1065 479 1100 511 in
1125 479 1210 521 capi-

517 528 592 569 tulo,
617 539 683 561 non
710 529 853 562 obstante
878 530 999 563 decreto
1024 531 1137 564 ultimi
1161 542 1210 563 ca-

513 580 616 623 pituli
630 582 800 623 yeneralis,
821 582 907 626 quod
922 584 1039 626 fratres
1070 584 1212 616 conversi·

516 637 543 665 el
575 633 689 666 donati
722 635 862 677 publicis
897 636 1211 678 proclaaccitionibus

515 686 716 719 sacerdotum
740 691 768 719 et
790 688 1007 730 professorum
1032 689 1208 728 vocalium,

515 750 598 782 quae
614 740 698 782 fiunt
719 741 754 773 in
768 741 921 784 capitulo,
940 742 1048 774 adesse
1065 752 1129 774 non
1144 752 1212 785 pos-

515 793 593 834 sint,
614 803 669 826 nec
695 794 774 836 ipsis
798 805 938 837 usquam
962 796 1011 837 fas
1035 795 1078 827 sil
1102 806 1211 838 quem-

517 856 617 888 quam
637 846 838 879 sacerdotnm
864 851 921 879 aiil
939 848 1124 880 clericorum
1139 859 1211 891 pro-

513 899 669 940 fessorum
686 904 714 932 et
738 900 900 932 vocalium
926 901 1131 944 superiorum
1146 902 1213 944 pri-

514 953 616 984 vatim
642 952 691 985 vel
713 954 826 996 palam
855 955 891 986 in
916 954 1059 997 capitulo
1081 955 1210 997 procla-

515 1016 615 1046 mare,
635 1007 689 1039 sed
714 1008 934 1040 tantumnodo
959 1008 1047 1051 apud
1071 1009 1212 1051 superio-

514 1070 581 1092 rem
607 1061 770 1103 conqueri,
786 1065 814 1093 ct
832 1061 993 1094 iustitiam
1011 1062 1178 1104 postulare
1192 1061 1209 1094 ¹.

664 1140 831 1167 Alexander
854 1141 931 1175 Papa
952 1142 1014 1174 vn,

615 1184 651 1210 ad
671 1184 802 1211 futuram
822 1185 865 1211 rei
885 1186 1064 1212 memoriam.

516 1253 531 1296 ξ
556 1253 584 1285 l.
610 1254 728 1297 Exponi
754 1255 844 1287 nobis
876 1265 977 1298 nuper
1002 1256 1141 1288 fecerunt
1165 1256 1211 1288 di-

472 1307 540 1340 lecti
567 1307 621 1339 filii
646 1308 787 1350 AEgidius
812 1319 829 1340 a
854 1308 882 1341 S.
909 1309 1076 1342 Francisco
1105 1315 1134 1341 et
1167 1309 1211 1342 Io-

471 1370 565 1393 annes
596 1371 613 1392 a
652 1361 680 1393 S.
715 1361 854 1404 Spiritu,
885 1368 1107 1405 procuratores
1143 1364 1208 1396 fra-

471 1418 553 1445 trum
590 1423 814 1447 conversorum
848 1421 877 1447 et
902 1415 1089 1449 donatorum
1124 1417 1206 1449 Con-

471 1467 662 1509 gregationis
698 1467 729 1499 B.
754 1468 867 1500 Mariae
900 1469 1053 1501 Fuliensis
1085 1468 1209 1502 Ordinis

469 1519 681 1552 Cisterciensis
701 1521 836 1554 nationis
853 1516 1039 1565 Gallicanae,
1061 1523 1144 1566 quod
1162 1533 1210 1555 ca-

469 1573 601 1616 pitulum
634 1584 688 1606 seu
713 1574 926 1608 definitorium
953 1577 1099 1618 generale
1124 1587 1210 1619 prae-

469 1625 568 1659 dictae
595 1627 854 1670 (longi-egationis
889 1629 918 1660 in
952 1635 1105 1662 conventu
1130 1630 1208 1662 Bur-

469 1679 628 1721 degalensi
654 1687 880 1723 congregatum
907 1682 944 1714 de
970 1693 1075 1715 menso
1101 1683 1209 1726 aprilis

470 1732 541 1764 anni
566 1734 710 1776 proxime
736 1735 896 1777 praeteriti
922 1746 1025 1769 MDCLx
1043 1736 1137 1769 edidit
1157 1737 1210 1769 dc-

470 1791 590 1818 cretum
620 1797 674 1819 seu
699 1787 912 1821 definitionem
938 1789 1056 1822 tenoris
1081 1800 1210 1833 sequen-

471 1838 519 1879 tis,
545 1839 703 1872 videlicet:

519 1905 531 1923 «
546 1893 713 1925 Definitum
729 1899 774 1926 cst
791 1894 874 1937 quod
893 1895 1004 1927 fratres
1018 1896 1159 1928 conversi
1180 1900 1209 1928 et

471 1944 576 1977 donati
601 1946 717 1989 publici
743 1948 1044 1990 proclamationibus
1068 1949 1209 1981 sacerdo-

471 2002 535 2030 tum
561 2002 591 2031 et
614 1999 828 2042 professorum
855 2001 1019 2041 vocalium,
1035 2012 1115 2044 quae
1131 2002 1209 2034 fiunt

470 2050 501 2082 in
519 2051 665 2094 capitulo,
686 2052 792 2084 adesse
812 2063 873 2085 non
894 2059 1050 2096 poterunt,
1076 2054 1208 2097 ideoque

470 2104 529 2147 ipsi
551 2105 691 2137 conversi
717 2109 747 2138 et
770 2105 874 2138 donati
895 2107 1031 2150 primum
1051 2112 1121 2140 ante
1141 2118 1204 2140 om-

469 2167 524 2189 nes
547 2158 655 2201 culpas
672 2169 742 2191 suas
759 2159 872 2199 dicent,
896 2161 1097 2203 postmodum
1123 2171 1209 2203 egre-

469 2209 596 2242 dientur
620 2210 658 2243 de
686 2212 820 2254 capitulo
849 2213 953 2245 Iocum
986 2213 1087 2245 daturi
1110 2224 1209 2246 sacer-

470 2262 595 2296 dotibus
619 2267 648 2297 et
672 2264 793 2297 clericis
813 2266 961 2309 professis
986 2272 1015 2298 et
1039 2266 1207 2308 vocalibus,

470 2319 503 2349 ut
527 2321 557 2348 et
581 2316 637 2359 ipsi
664 2317 770 2360 culpas
796 2328 866 2350 suas
888 2319 1030 2363 (excepto
1050 2325 1155 2353 tamen
1176 2320 1207 2352 in

472 2368 679 2411 magisteriis,
705 2370 736 2401 in
766 2370 880 2413 quibus
905 2377 975 2404 sunt
1000 2372 1129 2413 novitii,
1155 2379 1207 2406 aut

470 2420 591 2452 noviter
614 2422 762 2464 professi,
787 2428 817 2456 ct
840 2434 903 2457 non
928 2425 1061 2465 vocales,
1083 2425 1112 2458 in
1138 2427 1207 2469 qui-

471 2472 530 2506 bus
554 2474 661 2507 novitii
690 2481 720 2508 et
755 2477 877 2510 noviter
911 2479 1046 2521 professi
1068 2480 1120 2522 qui
1147 2479 1206 2523 ipsi

509 2589 517 2613 1
543 2587 577 2614 Ex
601 2588 705 2624 Regest.
727 2590 754 2616 in
773 2591 876 2618 Secret.
897 2591 972 2619 Brev.

1049 200 1228 225 BULLARIUM
1253 199 1405 225 ROMANUM

1243 249 1325 281 dicta
1351 248 1443 292 culpa
1464 248 1548 282 exire
1567 252 1754 294 teneantur),
1772 261 1829 285 nec
1845 262 1979 297 usquam

1244 301 1288 333 fas
1305 301 1343 334 511
1360 301 1413 333 ulli
1431 301 1518 333 fratri
1537 312 1688 335 converso
1701 308 1731 335 ct
1743 303 1857 337 donato
1870 315 1979 348 quem-

1245 364 1338 397 quam
1364 354 1560 386 sacerdotum
1579 360 1631 387 aut
1648 355 1835 389 clericorum
1860 357 1979 400 profes-

1245 418 1351 439 sorum
1378 412 1406 439 01
1432 408 1585 440 vocalium
1612 410 1806 452 superiorem
1834 411 1980 453 privatim

1245 461 1291 492 vel
1317 461 1419 503 palam
1439 461 1468 492 in
1490 462 1625 504 capitulo
1651 463 1856 505 proclamare,
1875 463 1939 504 sed,
1956 464 1981 496 si

1246 525 1295 547 res
1319 514 1433 557 exigat,
1459 515 1578 558 possint
1603 517 1819 550 tantummodo
1836 516 1920 560 apud
1936 527 1984 550 su-

1245 567 1400 610 periorem
1413 568 1562 610 conqueri
1578 573 1606 600 et
1621 569 1769 601 iustitiam
1784 570 1942 613 postulare
1953 582 1981 603 ».

1289 620 1304 663 ἓ
1328 619 1356 652 Ξ.
1382 620 1456 653 Cum
1482 625 1596 660 autem,
1614 621 1693 654 sicut
1707 622 1813 654 eadem
1832 622 1984 666 expositio

1246 673 1463 715 subiungebat,
1484 673 1663 707 huiusmodi
1685 685 1801 708 novum
1822 675 1983 708 decretum

1246 736 1299 758 seu
1313 726 1454 758 delinitio
1473 727 1682 760 contrarietur
1699 738 1761 760 non
1777 728 1877 761 solum
1895 728 1984 772 praxi

1246 779 1408 822 hucusque
1435 779 1464 811 in
1491 780 1629 822 praefata
1660 781 1904 824 congregatione
1928 781 1984 814 in—

1247 832 1433 864 violabiliter
1450 832 1642 874 observatae,
1660 844 1768 866 verum
1787 834 1879 866 etiam
1898 834 1985 878 ipsis-

1246 890 1308 916 met
1326 885 1599 917 constitutionibus
1620 886 1818 928 generalibus
1843 887 1984 920 eiusdem

1245 937 1498 980 congregationis
1523 948 1539 969 a
1557 938 1654 971 felicis
1679 939 1906 972 recordationis
1922 939 1985 973 Cle-

1247 996 1349 1023 mente
1367 991 1449 1034 Papa
1464 991 1528 1023 VIII
1546 991 1787 1034 praedecessore
1805 998 1913 1026 nostro
1932 1003 1985 1037 ap-

1245 1044 1396 1087 probatis,
1416 1049 1511 1087 prout
1534 1045 1626 1077 latius
1643 1055 1677 1077 ex
1698 1045 1808 1078 iisdem
1834 1046 1984 1080 constitu-

1246 1098 1382 1130 tionibus
1407 1108 1473 1141 cap.
1502 1108 1573 1131 va1
1597 1099 1686 1132 titulo
1710 1099 1756 1132 De
1780 1099 1842 1140 liis,
1866 1100 1925 1143 qui
1948 1100 1985 1133 in

1246 1150 1413 1193 aliquibus
1437 1151 1542 1191 rebus,
1568 1156 1625 1184 etc.
1640 1178 1647 1191 ‚
1670 1161 1792 1184 necnon
1817 1162 1853 1184 ex
1877 1152 1982 1185 rituali

1245 1203 1383 1235 eiusdem
1410 1203 1491 1236 tituli
1517 1204 1562 1237 De
1587 1205 1727 1248 capituli
1756 1205 1982 1247 observatione,

1245 1260 1388 1289 constare
1409 1256 1537 1297 dicitur3
1556 1257 1645 1290 nobis
1662 1263 1829 1301 propterea
1852 1258 1984 1302 praefati

1245 1315 1436 1352 exponentes
1460 1310 1621 1343 humiliter
1638 1311 1807 1354 supplicari
1832 1311 1984 1353 fecerunt,

1244 1362 1324 1394 utin
1342 1363 1522 1406 praemissis
1548 1369 1726 1407 opportune
1750 1365 1919 1408 providere
1945 1365 1984 1399 de

1244 1416 1434 1459 benignitate
1460 1418 1631 1460 apostolica
1655 1418 1868 1461 dignaremur.

1289 1470 1302 1512 g
1318 1469 1348 1502 3.
1366 1470 1428 1502 Nos
1446 1470 1551 1512 igitur,
1568 1471 1693 1504 eosdem
1712 1478 1902 1515 exponentes
1919 1482 1984 1516 spe-

1244 1522 1376 1555 cialibus
1401 1523 1559 1556 favoribus
1580 1530 1610 1556 et
1633 1525 1742 1566 gratiis
1766 1526 1913 1569 prosequi
1930 1536 1984 1559 vo·

1243 1575 1361 1618 lentes,
1387 1579 1416 1609 ct
1441 1586 1551 1609 eorum
1583 1577 1757 1620 singulares
1787 1588 1939 1622 personas
1966 1589 1984 1611 a

1243 1628 1403 1670 quibusvis
1429 1630 1781 1672 excommunicationis,
1806 1631 2005 1674 suspensio--

1243 1681 1290 1714 nis
1306 1686 1335 1713 et
1355 1681 1521 1723 interdicti,
1535 1683 1666 1726 aliisque
1683 1684 1899 1717 ecclesiasticis
1916 1694 1984 1717 sen-

1245 1735 1357 1776 tentiis,
1383 1736 1524 1768 censuris
1548 1741 1578 1768 et
1603 1737 1723 1780 poenis,
1748 1747 1764 1769 a
1789 1737 1856 1770 iure
1876 1738 1923 1770 vel
1943 1737 1982 1770 ab

1243 1787 1381 1828 homine,
1402 1789 1511 1832 quavis
1536 1789 1699 1822 occasione
1716 1790 1763 1823 vel
1781 1791 1874 1823 causa
1902 1790 1981 1833 latis,

1244 1841 1267 1873 si
1282 1841 1395 1884 quibus
1409 1842 1645 1885 quomodolibet
1658 1843 1823 1876 innodatae
1836 1843 1981 1884 existunt,

1243 1894 1280 1926 ad
1306 1894 1450 1927 effectum
1475 1896 1684 1938 praesentium
1713 1897 1872 1929 dumtaxat
1906 1906 1982 1930 con-

1244 1947 1437 1990 sequendum
1453 1974 1460 1988 ‚
1486 1948 1598 1980 harum
1630 1949 1710 1981 serie
1734 1949 1928 1982 absolventes
1952 1954 1983 1982 et

1243 1999 1401 2032 absolutas
1426 2000 1491 2032 fore
1512 2006 1683 2042 censentes,
1704 2001 1884 2035 huiusmodi
1908 2013 1981 2046 sup-

1243 2052 1463 2095 plicationibus
1497 2053 1655 2094 inclinati,
1685 2054 1723 2087 de
1754 2054 1982 2088 venerabilium

1244 2106 1375 2139 fratrum
1401 2112 1582 2140 nostrorum
1609 2107 1637 2140 S.
1655 2109 1689 2141 R.
1715 2109 1746 2141 E.
1776 2109 1981 2142 cardinalium

1242 2160 1376 2202 negotiis
1397 2165 1425 2192 et
1450 2160 1731 2194 consultationibus
1759 2162 1981 2206 episcoporum

1242 2218 1271 2245 et
1296 2213 1489 2255 regularium
1515 2214 1768 2257 praepositorum
1784 2242 1791 2256 ‚
1815 2215 1868 2259 qui
1894 2225 1978 2258 rem,

1241 2266 1384 2309 partibus
1409 2267 1539 2308 auditis,
1564 2267 1730 2310 diligenter
1754 2268 1980 2309 examinarunt,

1242 2319 1386 2360 consilio,
1404 2320 1528 2353 attentis
1545 2321 1689 2362 narratis,
1705 2321 1788 2355 circa
1806 2321 1979 2366 praemissa

1242 2372 1479 2406 constitutiones
1512 2374 1764 2417 congregationis
1799 2374 1978 2408 huiusmodi

1241 2436 1298 2469 per
1322 2437 1385 2467 eos,
1410 2427 1447 2459 ad
1472 2438 1550 2471 quos
1574 2433 1701 2471 spectat,
1718 2428 1776 2461 sub
1793 2427 1902 2471 poenis
1919 2427 1980 2471 pri-

1242 2480 1373 2513 vationis
1398 2481 1481 2513 vocis
1506 2482 1624 2514 activae
1644 2486 1674 2514 et
1690 2481 1841 2525 passivae,
1858 2490 1979 2514 necnon

1241 2533 1417 2566 officiorum
1445 2539 1474 2566 et
1499 2534 1702 2568 inhabilitatis
1731 2534 1768 2566 ad
1799 2545 1835 2567 ea
1861 2539 1891 2566 et
1918 2534 1978 2566 alia

1242 2596 1459 2630 quaecumque
1483 2587 1513 2619 in
1537 2592 1699 2630 posterum
1724 2587 1913 2628 obtinenda,
1940 2596 1978 2620 eo

1991 205 2040 233 An.
2061 207 2090 234 C.
2108 207 2170 237 1661

2068 1482 2176 1504 Coum-mat

1998 1509 2112 1531 decretum*
