2243 3205
243 207 279 233 Λιι
309 208 337 233 C.
358 207 423 234 inst)

264 1011 316 1034 [lull
343 1010 420 1030 savium

237 1038 261 1058 sit
286 1046 297 1058 a
322 1038 388 1058 Paulo
405 1038 419 1057 V

237 1071 273 1091 pm
302 1065 420 1086 huiusmodi

237 1092 336 1116 (tt-llvss'to.

263 1275 339 1296 officia
363 1276 419 1295 insti-

237 1302 274 1322 tuit
331 1303 419 1322 militiae

236 1329 286 1348 Piae
299 1329 419 1349 vendibilia.

282 2227 416 2248 Indemnitatt

233 2254 336 2279 prospicit
377 2260 417 2275 em-

234 2283 322 2306 plorum.

470 198 533 230 500

442 255 556 298 ubique
581 255 723 287 locorum
757 253 833 286 sides
867 253 1073 295 adhibeatur,
1099 262 1177 296 quae

443 308 581 351 ipsismet
608 307 824 350 praesentibus
849 306 1062 349 adhiberetur,
1087 306 1112 338 si
1138 306 1178 337 so-

441 366 508 393 rent
533 360 686 393 exhibitae
712 360 759 392 vel
783 363 934 393 ostensae.

479 414 588 446 Datum
601 414 727 453 Itomae,
742 404 824 456 apud
838 413 866 446 S.
877 413 1004 446 Mariam
1019 412 1176 451 Maiorem,

439 467 496 499 sub
515 467 630 499 annulo
660 466 836 505 Piscatoris,
863 466 911 498 die
938 476 1009 498 xxvt
1040 470 1175 508 septem-

439 520 504 552 bris
529 530 660 560 noetix,
681 519 882 563 pontificatus
898 519 996 551 nostri
1014 528 1094 550 anno
1113 527 1141 550 v.

476 581 530 606 that.
554 581 597 608 die
617 582 651 607 26
671 580 831 615 septembris
848 580 1032 614 1559‚1›0nur.
1053 586 1122 604 :uino
1140 585 1164 603 v.

738 695 872 728 CCLxu.

631 766 828 808 Reformalio
854 764 982 806 colleqz'i

580 829 748 851 cursorum
772 818 1030 861 apostolicorum.

630 890 795 917 Alexander
820 889 898 922 Papa
917 889 978 915 VII.

649 934 730 961 Motu
751 933 884 968 proprio,
902 935 960 960 etc.

480 996 562 1029 Alias
577 996 674 1028 felicis
688 995 915 1028 reeordationis
930 995 1042 1027 Paulus
1056 995 1136 1037 Papa
1153 994 1173 1025 V

436 1050 660 1093 praedecessor
684 1054 802 1089 noster,
820 1053 852 1081 ut
876 1048 1043 1091 collegium
1070 1058 1175 1080 curso-

436 1114 506 1136 rum
532 1114 548 1135 a
570 1102 712 1135 maximis
738 1102 946 1141 interusuriis,
971 1101 1085 1144 quibus
1110 1102 1173 1134 sere

435 1155 550 1198 singuli
568 1154 792 1199 premebantur
816 1165 874 1198 pro
899 1154 1008 1187 alienis
1033 1154 1174 1197 pecuniis

434 1217 511 1250 quas
535 1216 592 1250 pro
613 1206 770 1249 emptione
788 1205 971 1237 eorumdem
997 1205 1171 1238 officiorum

434 1264 652 1303 perceperant,
677 1259 834 1300 liberaret,
856 1258 1104 1301 vigintiquinque
1129 1259 1171 1291 ot*-

434 1312 505 1344 fieia
537 1312 665 1344 militiae
691 1311 760 1343 Piae
785 1310 952 1343 vendibilia
977 1314 1006 1343 et
1034 1310 1172 1352 resigna-

434 1366 508 1398 bilia
538 1365 576 1398 ad
605 1365 701 1398 instar
725 1365 859 1398 aliorum
885 1364 1061 1397 officiorum
1093 1364 1173 1396 mili—

435 1425 498 1455 tum
534 1419 660 1451 Piorum
696 1418 752 1450 sub
787 1418 880 1450 certis
915 1423 986 1450 tune
1015 1417 1172 1460 expressis

434 1472 663 1505 conditionibus
689 1472 786 1504 crexit
810 1477 839 1503 et
864 1470 1011 1510 instituit,
1041 1476 1070 1502 et
1101 1481 1171 1513 pre-

433 1526 522 1566 tium,
547 1525 630 1569 quod
656 1536 691 1558 ex
718 1525 895 1557 venditione
920 1530 950 1556 et
974 1525 1095 1566 integra
1120 1534 1171 1556 ex-

433 1579 591 1623 peditione
627 1578 783 1611 dictorum
818 1577 1015 1620 singulorum
1053 1577 1173 1620 viginti-

432 1633 572 1675 quinque
606 1631 781 1664 ossiciorum
819 1636 892 1663 tunc
926 1634 1103 1664 erectorum
1140 1631 1172 1662 in

432 1686 534 1729 prima
572 1685 637 1718 viee
673 1685 906 1723 retraberetur,
938 1694 1032 1727 penes
1068 1694 1173 1727 perso-

431 1750 503 1772 nam
522 1739 581 1772 fide
599 1744 628 1771 et
645 1738 842 1771 facultatibus
868 1737 1010 1770 idoneam
1031 1748 1087 1780 per
1107 1747 1172 1770 eos-

432 1792 504 1825 dem
530 1795 676 1826 cursores
709 1791 904 1834 eligendam,
936 1801 988 1823 seu
1022 1791 1051 1823 in
1083 1801 1171 1823 sacro

433 1846 534 1878 Monte
560 1844 684 1878 Pietatis
708 1849 761 1876 aut
791 1844 889 1876 banco
917 1843 1171 1886 arcl‘iiliospitalis

433 1900 461 1932 S.
480 1899 625 1942 Spiritus,
643 1898 681 1930 ad
698 1897 882 1930 electionem
902 1897 1085 1929 eorumdem
1103 1907 1171 1929 eur-

433 1962 553 1992 sorum,
570 1951 684 1994 deponi
706 1950 874 1989 mandavit,
892 1949 1065 1993 aequaliter
1090 1949 1170 1982 inter

433 2004 517 2048 ipsos
532 2014 677 2037 cursores
691 2002 903 2044 dividendum,
917 2002 954 2034 ad
969 2001 1111 2035 effectum
1130 2007 1170 2034 ta-

433 2068 504 2089 men
526 2055 731 2089 satissaciendi
751 2066 859 2088 eorum
878 2055 1099 2095 creditoribus,
1116 2054 1168 2099 qui

432 2109 580 2153 pecunias
601 2120 658 2152 pro
679 2108 790 2141 officiis
819 2103 999 2141 cursoratu's
1031 2107 1170 2140 emendis

432 2163 678 2196 contribuerant.

477 2218 491 2260 ἓ
516 2216 544 2249 1.
564 2215 760 2248 lndemnitati
780 2225 853 2248 vero
871 2225 992 2255 eorum,
1013 2214 1064 2258 qui
1087 2213 1169 2247 dicta

432 2270 534 2303 officia
558 2269 690 2302 militum
724 2268 850 2301 Piorum
884 2267 928 2300 sic
953 2272 1114 2309 emerant,
1140 2272 1170 2299 et

431 2324 589 2357 securitati
616 2322 796 2367 prospicere
818 2322 933 2361 volens,
955 2321 1112 2354 mandavit
1136 2325 1169 2353 ut

431 2377 562 2420 singulis
577 2376 746 2416 mensibus,
760 2385 796 2407 ex
810 2374 903 2407 certis
918 2374 1031 2407 ibidem
1047 2384 1169 2406 eorum-

431 2430 501 2462 dem
520 2440 684 2463 cursorum
711 2439 830 2461 massae
855 2428 1019 2470 assignatis
1044 2426 1169 2460 redditi-

431 2482 488 2515 bus
514 2483 552 2515 ab
577 2483 692 2515 eisdem
721 2481 903 2515 cursoribus
927 2491 963 2514 ex
989 2485 1168 2514 cursoratus

432 2536 525 2570 ossicii
550 2536 770 2569 emolumentis
794 2534 1018 2580 persolvendis,
1036 2534 1074 2567 de
1091 2544 1168 2578 quo-

434 2601 502 2623 rum
528 2590 679 2623 solutione
705 2600 813 2622 eorum
836 2589 986 2631 magistro
1010 2598 1068 2631 pro
1093 2593 1168 2620 tem—

1020 204 1197 229 BULLMUUM
1224 202 1375 226 nonaxmt

1211 261 1288 294 pore
1313 248 1453 282 existenti
1486 248 1544 280 sub
1569 248 1669 291 poena
1695 246 1946 280 excommunica-

1213 302 1303 336 tionis
1329 301 1456 335 maioris
1481 301 1560 333 latae
1580 300 1749 333 sententiae
1775 300 1840 344 ipso
1865 299 1945 332 sacto

1213 354 1418 388 incurrendae
1448 353 1600 387 rationem
1633 353 1764 386 reddere
1796 352 1946 385 deberent

1210 413 1239 443 et
1265 414 1453 448 tenerentur,
1478 413 1564 441 scuta
1588 412 1713 440 centum
1742 405 1892 439 tredecim
1917 411 1947 438 et

1211 463 1393 495 bononenos
1429 461 1625 505 septuaginta
1660 460 1796 504 quinque
1828 458 1946 492 eisdem

1212 515 1372 555 militibus,
1389 514 1452 547 sive
1477 524 1585 547 eorum
1611 512 1813 557 depositario,
1835 521 1947 555 aequa-

1211 567 1280 600 liter
1298 567 1378 600 inter
1395 567 1477 610 ipsos
1498 566 1663 599 dividenda
1681 565 1945 610 persolverentur,

1210 620 1403 662 gravissimis
1420 619 1575 663 impositis
1592 618 1711 662 poenis,
1726 623 1787 650 tam
1806 616 1947 650 fraudan-

1210 673 1291 706 tibus
1314 673 1427 705 dietam
1445 683 1591 712 massam,
1609 683 1701 716 quam
1727 670 1946 704 deficientibus

1210 726 1239 758 in
1265 725 1424 769 praedicta
1454 725 1609 758 solutione
1641 724 1730 757 dictis
1762 722 1946 756 officialibus

1210 779 1341 811 militum
1368 779 1506 819 Piorum,
1523 778 1614 811 sicuti
1632 788 1668 810 ex
1686 776 1801 810 eisdem
1827 785 1946 808 massae

1209 831 1381 865 redditibus
1399 831 1475 864 solvi
1496 826 1652 863 mandavit
1669 831 1786 863 fruetus
1803 829 1946 862 locorum

1210 885 1362 918 montium
1377 885 1463 917 Pacis
1482 890 1554 917 tunc
1570 884 1738 923 dictorum,
1751 892 1873 916 necnon
1886 882 1946 914 alia

1208 946 1306 970 onera
1323 938 1422 970 eidem
1445 937 1578 980 collegio
1595 936 1816 976 incumbentia,
1833 935 1946 979 quibus

1209 991 1329 1034 integre
1355 991 1482 1031 solutis,
1507 990 1656 1033 quiequid
1680 1000 1715 1022 ex
1740 989 1821 1022 dieta
1845 989 1945 1022 massa

1209 1048 1381 1087 supererat,
1400 1044 1571 1087 aequaliter
1593 1044 1673 1077 inter
1698 1042 1824 1076 eosdem
1842 1052 1946 1076 curso-

1209 1107 1258 1129 res
1283 1096 1377 1128 dividi
1406 1096 1518 1133 voluit;
1543 1096 1657 1139 quibus
1681 1095 1774 1128 etiam
1799 1104 1946 1138 expresse

1209 1149 1343 1181 inhibuit
1375 1160 1412 1182 ne
1437 1149 1474 1182 de
1500 1155 1605 1182 cetero
1638 1148 1799 1192 perpetuis
1831 1147 1944 1181 suturis

1209 1203 1404 1245 temporibus
1429 1202 1500 1245 <sub
1531 1202 1705 1235 solutione¹
1736 1201 1943 1234 ducentorum

1208 1261 1367 1288 scutorum
1387 1260 1415 1289 et
1433 1255 1645 1299 suspensionis
1659 1255 1696 1287 ab
1710 1255 1858 1287 exercitio
1876 1264 1945 1287 cur-

1207 1313 1328 1342 soratus
1361 1309 1453 1341 oflicii
1479 1319 1534 1352 per
1558 1319 1672 1340 annum
1703 1308 1861 1350 integrum
1886 1317 1944 1351 pro

1208 1362 1318 1404 prim:⁴=‚
1332 1368 1360 1393 et
1375 1360 1768 1394 solutione-⁹trecentorum
1783 1366 1944 1393 scutorum

1209 1414 1387 1447 huiusmodi
1413 1425 1448 1446 ae
1473 1413 1696 1457 suspensione³
1713 1413 1852 1446 eiusdem
1877 1413 1945 1446 offi-

1207 1467 1244 1499 cii
1271 1478 1327 1510 per
1352 1467 1430 1500 duos
1454 1478 1552 1500 annos
1576 1477 1633 1510 pro
1658 1466 1805 1506 secunda,
1821 1476 1945 1500 necnon

1207 1521 1370 1554 solutionis
1395 1526 1555 1553 scutorum
1588 1520 1831 1564 quingentorum
1857 1520 1946 1553 simi-

1207 1573 1300 1613 lium,
1329 1584 1386 1616 pro
1419 1575 1480 1605 uua
1513 1583 1656 1605 camerae
1680 1573 1868 1616 apostolicae
1896 1572 1944 1606 vel

1206 1628 1297 1661 alicui
1324 1628 1392 1661 loco
1417 1628 1477 1671 pio,
1500 1627 1630 1660 arbitrio
1655 1628 1792 1660 eiusdem
1813 1627 1944 1671 praede-

1206 1681 1349 1722 cessoris,
1368 1686 1397 1713 et
1412 1681 1510 1713 altera
1526 1680 1745 1713 medietatibus
1761 1680 1862 1713 eidem
1880 1680 1944 1714 col-

1207 1735 1288 1777 legio
1314 1745 1479 1767 cursorum
1506 1733 1765 1766 irremissibiliter
1788 1733 1945 1777 applican-

1206 1788 1328 1827 dorum,
1348 1794 1376 1820 et
1402 1792 1572 1830 perpetuae
1593 1787 1779 1833 privationis
1804 1786 1944 1820 exercitii

1205 1840 1296 1872 officii
1335 1845 1515 1873 cursoratus
1549 1850 1584 1871 ae
1611 1839 1944 1873 excommunicationis

1206 1893 1333 1926 maioris
1350 1893 1429 1925 latae
1448 1892 1616 1925 sententiae
1634 1903 1692 1935 pro
1710 1892 1800 1925 tertia
1822 1892 1943 1926 vicibus

1205 1946 1382 1979 huiusmodi
1408 1956 1464 1988 per
1495 1945 1665 1988 quemlibet
1693 1956 1727 1978 ex
1764 1945 1940 1988 ipsiscon-

1206 1999 1426 2033 travenientem
1449 1998 1645 2034 incurrendis
1664 1998 1787 2042 poenis)
1805 1998 1942 2042 aliquem

1204 2053 1362 2096 appaltum
1384 2052 1565 2085 citationum
1591 2062 1662 2085 cum
1683 2051 1846 2095 quibusvis
1870 2060 1942 2094 per-

1204 2107 1288 2140 sonis
1313 2106 1424 2146 faeere,
1451 2106 1496 2138 vel
1522 2105 1611 2145 inire,
1629 2115 1686 2137 nec
1703 2115 1760 2148 per
1776 2104 1941 2148 interposi-

1204 2166 1265 2192 tam
1292 2169 1483 2203 personam,
1509 2158 1600 2190 etiam
1638 2157 1748 2201 quovis
1779 2161 1942 2201 praetextu

1204 2214 1251 2246 vel
1277 2213 1412 2255 ingenio,
1433 2212 1574 2255 quaesito
1599 2212 1714 2252 colore,
1731 2211 1779 2243 vel
1800 2212 1892 2243 causa
1910 2214 1941 2243 et

1203 2267 1384 2306 occasione,
1410 2265 1529 2308 aliquos
1554 2264 1668 2305 libros,
1701 2264 1940 2307 inscriptiones,

1203 2320 1323 2353 notulas
1348 2322 1386 2360 et,
1404 2323 1436 2350 ut
1461 2318 1553 2359 vulgo
1578 2316 1701 2358 dicitur,
1722 2316 1853 2357 ricordi,
1877 2320 1940 2348 tam

1203 2383 1326 2416 parvos,
1352 2382 1443 2415 quam
1471 2370 1626 2411 minimos,
1654 2370 1700 2402 vel
1726 2369 1817 2402 etiarn
1843 2379 1940 2412 quae-

1203 2436 1336 2470 cumque
1355 2429 1500 2468 computa
1518 2424 1608 2457 etiam
1639 2423 1767 2456 minima
1785 2433 1855 2456 cum
1874 2422 1940 2466 qui-

1238 2507 1248 2532 1
1272 2504 1367 2540 Aptius
1384 2505 1442 2540 lege
1457 2504 1610 2531 solutionis
1626 2504 1662 2539 (n.
1679 2504 1727 2536 T.).

1236 2549 1253 2576 2
1272 2549 1366 2585 Aptius
1381 2549 1438 2585 lege
1451 2549 1605 2576 solutionis
1620 2551 1660 2582 (n.
1676 2548 1724 2583 r).

1237 2594 1252 2622 3
1272 2594 1367 2630 Aptius
1382 2594 1440 2629 lege
1455 2593 1650 2628 suspensionis
1664 2593 1703 2627 (tt.
1720 2591 1768 2626 Τ.).

1962 197 2010 224 An.
2027 197 2056 224 C.
2077 197 2141 226 1659
