2243 3205
29 190 79 218 An.
99 188 129 217 G.
145 187 214 216 1659

51 571 156 594 Erectioni
172 576 207 591 cn-

25 599 106 620 stadiae
122 598 141 617 ln
159 603 207 623 pro-

26 625 94 646 vincia
120 624 206 650 Aquita-

25 652 73 674 niae
95 656 136 672 non
160 656 206 671 esse
224 664 230 669 .

25 680 91 700 Iocum
121 677 208 698 mandat

25 704 126 728 Pontifex.

39 1239 41 1242 ι
52 1211 161 1232 Decretum
179 1217 207 1232 ir-

27 1241 96 1260 ulans.

55 1802 163 1824 Glausutae
174 1801 208 1822 de-

29 1829 156 1855 rogatoriae.

812 183 998 209 ALEXANDER
1022 184 1067 209 vn
1091 185 1141 210 PP.

223 233 297 268 dicti
310 261 319 276 ,
355 233 487 279 aliisque
522 223 741 268 ecelesiasticis
781 233 961 274 sententiis,

223 288 365 323 censuris
382 293 412 322 et
428 288 549 333 poenis,
565 299 583 322 a
598 289 666 322 iure
691 288 739 322 vel
764 288 802 321 ab
821 287 960 329 homine,

223 341 331 386 quavis
348 342 513 376 occasione
531 342 577 375 vel
595 343 689 376 causa
706 342 786 383 latis,
803 342 828 375 si
849 341 963 385 quibus

222 395 462 440 quomodolibet
486 395 651 429 innodatus
677 395 797 436 existit,
825 395 863 427 ad
888 394 962 428 effe-

223 453 308 481 ctum
335 447 549 492 praesentium
580 447 743 481 dumtaxat
772 457 963 490 consequen-

222 502 309 543 dum,
318 502 431 536 harum
445 502 526 535 serIe
539 501 735 535 absolventes
745 507 775 535 et
786 501 963 535 absolutum

222 556 290 589 sore
314 560 486 596 censentes,
511 554 792 599 supplicationibus
817 555 884 588 eius
908 564 964 588 no-

223 609 307 643 mine
330 609 421 643 nobis
441 619 535 652 super
552 608 613 642 hoc
631 608 793 641 humiliter
807 608 964 652 porrectis

222 663 381 706 melinati,
406 663 444 696 de
468 668 717 696 memoratorum
744 663 963 705 cardinalium,

221 717 285 762 qui,
309 717 451 762 partibus
471 716 724 757 informantibus,
749 726 817 749 rem
843 722 964 750 mature

221 771 446 812 discusserunt,
470 769 613 811 consilio,
634 770 821 804 auctoritate
841 775 965 813 aposto-

221 823 290 866 lica,
314 828 423 857 tenore
440 823 666 867 praesentium,
684 823 884 856 declaramus
901 833 964 856 non

221 887 289 911 esse
301 877 406 911 locum
421 882 605 921 praetensae
621 876 771 910 erectioni
786 876 964 920 praedictae

220 941 319 965 novae
343 930 518 971 custodiae,
544 935 573 963 et
596 929 730 974 proinde
754 929 964 973 provinciales

221 995 279 1028 pro
303 988 445 1028 tempore
469 994 618 1018 exercere
634 983 749 1016 debere
766 993 853 1016 suam
875 983 964 1016 iuris-

222 1038 391 1072 dictionem
422 1038 454 1071 in
484 1039 550 1072 tota
586 1037 775 1082 provincia,
807 1037 901 1070 etiam
932 1037 965 1070 in

222 1091 426 1126 conventibus
450 1091 650 1135 Aquitaniae,
675 1095 782 1124 amoto
807 1091 959 1124 commis-

223 1145 306 1179 sario
330 1145 471 1189 generali
495 1145 654 1189 deputato.

266 1200 282 1244 ἓ
313 1198 343 1233 3.
378 1199 588 1233 Decernentes
623 1197 749 1232 easdem
782 1203 964 1242 praesentes

222 1253 341 1288 litteras
358 1263 483 1297 semper
499 1252 619 1293 firmas,
638 1251 758 1285 -validas
776 1256 807 1284 et
822 1251 965 1285 efficaces

223 1307 357 1340 existere
381 1310 411 1341 et
434 1306 512 1348 fore,
536 1317 572 1339 ac
596 1306 669 1346 illis,
689 1305 727 1338 ad
748 1315 827 1349 quos
846 1310 966 1349 spectat

223 1366 253 1394 et
275 1371 334 1405 pro
358 1366 503 1404 tempore
525 1359 688 1404 spectabit,
707 1359 889 1403 plenissime
906 1359 966 1392 sus-

222 1414 357 1457 frag-ari,
381 1414 488 1458 sieque
514 1424 573 1457 per
601 1423 820 1457 quoscumque
845 1412 966 1446 iudices

222 1467 400 1501 ordinarios
425 1472 455 1500 et
479 1466 649 1509 delegatos,
675 1466 769 1499 etiam
795 1476 964 1498 causarum

221 1520 329 1566 palatii
346 1519 511 1564 apostolici
531 1519 700 1561 auditores,
718 1518 851 1552 iudicari
868 1523 899 1551 et
917 1518 968 1551 de-

222 1574 308 1607 finiri
332 1573 457 1614 debere,
485 1583 520 1606 ae
548 1573 674 1606 irritum
697 1577 727 1605 et
751 1572 853 1613 inane,
871 1572 897 1604 si
918 1582 965 1605 se-

223 1639 279 1661 cus
303 1638 398 1672 super
423 1627 472 1660 his
496 1637 513 1660 a
538 1637 708 1671 quoquam,
733 1625 842 1670 quavis
859 1631 967 1659 aueto-

223 1683 325 1723 ritate,
342 1681 477 1715 scienter
504 1681 553 1714 vel
581 1681 775 1725 ignoranter,
800 1680 968 1724 contigerit

223 1735 377 1769 attentari.

269 1788 337 1832 §⁴4
358 1788 427 1822 Non
451 1787 646 1821 obstantibus
659 1786 846 1831 supradictis
865 1797 900 1820 ex
913 1787 966 1820 ad-

226 1853 316 1876 verso
340 1841 492 1882 deductis,
516 1851 552 1874 ac
577 1841 853 1875 constitutionibus
874 1847 904 1874 et
920 1852 968 1874 or-

225 1896 439 1930 dinationibus
463 1896 664 1940 apostolicis,
692 1896 868 1940 ceterisque
893 1905 966 1929 con-

226 1950 332 1984 trariis
352 1950 612 1994 quibuscumque.

270 2005 380 2037 Datum
407 2004 534 2046 Romae,
559 2003 642 2048 apud
666 2004 694 2037 S.
720 2003 848 2036 Mariam
873 2003 968 2037 Maio-

226 2069 305 2100 rem,
319 2058 377 2091 sub
399 2058 513 2091 annulo
535 2057 713 2100 Piscatoris,
725 2057 776 2091 die
789 2067 820 2091 xl
840 2058 966 2091 februa-

226 2113 265 2146 rii
290 2122 415 2155 MDcmx,
435 2111 636 2156 pontificatus
656 2111 757 2145 nostri
781 2121 863 2145 anno
881 2122 922 2145 ιν.

263 2175 321 2203 Dat.
340 2175 382 2202 die
399 2176 426 2202 11
445 2174 576 2203 februarii
593 2174 675 2208 1659,
693 2174 789 2210 pontif.
805 2182 876 2202 anno
896 2180 930 2201 ιν.

522 2308 671 2342 CCXXXI.

231 2382 270 2415 Ut
294 2381 425 2414 alumni
450 2380 579 2423 collesJii
605 2380 801 2413 Graecorum
826 2378 863 2411 de
890 2378 970 2412 Urbe

273 2435 376 2468 ritum
402 2433 544 2466 latinmn
569 2433 655 2465 circa
679 2433 806 2466 ieiunia
831 2436 859 2465 el
875 2431 971 2465 absti-

273 2488 421 2521 nentiam
436 2498 456 2520 a
480 2487 559 2520 cibis
583 2487 689 2519 vetitis
713 2486 925 2530 sequantur'.

268 2587 278 2613 1
297 2585 334 2612 Ex
351 2585 458 2619 Regest.
476 2585 500 2610 in
516 2585 618 2611 Secret.
636 2583 713 2610 Brev.

314 2657 393 2685 Bau.
414 2657 497 2685 Rom.
519 2672 550 2676 —
571 2656 628 2683 Vol.
645 2655 720 2683 XVI.
902 2654 937 2681 55

1644 174 1709 211 433
1753 184 1804 212 An.
1824 184 1852 212 c.
1868 184 1939 212 1659

1192 235 1358 264 Alexander
1376 235 1458 270 Papa
1477 235 1543 268 vu,
1573 228 1576 232 ’

1137 279 1174 306 ad
1193 279 1326 307 futuram
1345 280 1389 308 rei
1409 280 1590 308 memoriam.

1041 340 1055 384 g
1079 340 1110 374 1.
1134 340 1255 384 Exponi
1273 341 1363 375 nobis
1388 352 1489 385 nuper
1512 342 1583 375 fecit
1608 341 1739 376 dilectus
1781 354 1921 379 suppia-2110.

995 393 1079 426 filius
1097 398 1203 426 rector
1225 394 1351 437 collegii
1369 395 1560 428 Graecorum
1582 395 1619 428 de
1644 394 1737 435 Urbe,

996 446 1082 491 quod
1106 446 1246 479 eiusdem
1280 447 1404 490 collegii
1438 448 1555 480 alumni
1581 449 1739 481 iuramen-

997 505 1064 532 tum
1083 503 1239 542 perpetuo
1264 499 1407 531 servandi
1429 499 1524 531 ritum
1550 510 1738 541 graecorum

997 556 1158 596 praestare
1183 551 1265 584 soliti
1283 558 1364 593 sunt,
1383 563 1445 595 quo
1463 553 1524 585 ritu
1549 563 1613 585 non
1637 553 1738 585 solum

998 605 1188 639 ieiuniorum
1214 605 1534 649 quadragesimalium
1556 607 1640 639 iuxta
1657 617 1741 639 eum-

998 659 1069 692 dem
1094 659 1190 692 ritum
1216 659 1395 692 observatio
1420 659 1658 702 praescribitur,
1686 659 1740 692 sed

998 713 1092 747 etiam
1117 713 1155 746 ab
1181 723 1236 746 esu
1261 713 1401 746 carnium
1428 718 1457 746 et
1488 724 1621 746 ovorum
1647 713 1741 746 absti-

997 768 1103 801 nentia
1120 766 1253 810 singulis
1270 766 1379 799 diebus
1398 766 1548 799 mercurii
1573 772 1602 798 et
1619 766 1742 799 veneris

998 821 1182 864 iniungitur,
1207 820 1362 865 permisso
1388 820 1498 853 diebus
1526 819 1647 852 sabbati
1678 830 1743 852 car-

997 874 1085 907 nium
1112 885 1176 907 esu.

1042 929 1057 972 §
1076 928 1106 961 52.
1125 928 1200 962 Cum
1226 932 1342 968 autem,
1360 927 1440 960 sicut
1461 926 1568 959 eadem
1587 926 1741 970 expositio
1772 938 1863 969 „numni
1879 938 1941 957 cone.

998 981 1219 1024 subiungebat,
1240 980 1313 1014 dicti
1339 980 1457 1013 alumni
1483 980 1576 1013 etiam
1602 979 1640 1012 ad
1665 990 1742 1023 qua-
1757 965 1942 1013 iiimsfflffcffiiffi

998 1039 1069 1069 tuor
1086 1039 1264 1078 temporum
1283 1039 1313 1066 et
1329 1034 1507 1077 vigiliarum
1526 1033 1641 1066 ieiunia
1658 1033 1742 1067 iuxta
1757 1019 1842 1067 {filliam
1854 1024 1942 1075 iiiiii?

998 1089 1094 1122 ritum
1119 1089 1251 1121 latinum
1276 1088 1428 1121 servanda
1454 1098 1511 1131 per
1535 1087 1685 1130 quasdam
1703 1072 1941 1124 Γε-ἓὲἷῖἓὲηιιῖἷ.’“““

998 1143 1066 1176 licis
1082 1142 1311 1176 recordationis
1325 1141 1443 1175 Urbani
1457 1142 1559 1185 Papae
1573 1140 1639 1174 VIII
1656 1150 1743 1184 prae-

998 1196 1173 1230 decessoris
1187 1196 1286 1230 nostri
1301 1196 1430 1237 litteras,
1444 1205 1524 1238 quae
1539 1204 1591 1227 eos
1605 1194 1644 1226 ad
1660 1204 1744 1227 eum-

998 1250 1069 1283 dem
1094 1249 1190 1283 ritum
1216 1249 1347 1282 latinum
1373 1249 1404 1281 in
1438 1248 1586 1281 omnibus
1619 1247 1743 1280 casibus

998 1303 1029 1335 in
1054 1303 1168 1346 quibus
1184 1302 1222 1335 ad
1244 1301 1422 1335 evitandum
1440 1301 1622 1335 scandalum
1640 1311 1744 1334 neces-

999 1357 1080 1390 saria
1105 1360 1150 1390 est
1174 1356 1258 1389 illius
1283 1356 1470 1397 observatio,
1489 1354 1677 1388 servandum
1695 1354 1745 1387 ad-

999 1411 1167 1454 stringunt,
1185 1408 1392 1452 obligantur¹,
1407 1409 1586 1453 praedictus
1602 1419 1678 1442 vero
1694 1418 1744 1441 re—

1000 1470 1089 1504 ctor,
1120 1469 1155 1497 ut
1179 1464 1363 1497 eorumdem
1389 1464 1592 1496 alumnorum
1618 1462 1742 1496 sanitati

1001 1517 1194 1559 consulatur,
1204 1517 1336 1561 ipsique,
1348 1516 1604 1560 quandoquidem
1617 1515 1648 1548 in
1661 1515 1744 1548 alma

1001 1571 1084 1604 Urbe
1104 1570 1265 1615 praedicta
1290 1571 1418 1613 degunt,
1433 1580 1465 1602 se
1486 1570 1514 1602 S.
1541 1571 1574 1602 R.
1606 1570 1638 1602 E.
1668 1569 1742 1602 ritui

1001 1626 1084 1659 circa
1108 1625 1300 1658 ieiuniorum
1331 1629 1360 1656 et
1388 1623 1593 1656 abstinentiae
1621 1623 1659 1655 ab
1688 1633 1744 1655 esu

1000 1678 1211 1723 quorumdam
1249 1678 1394 1710 ciborum
1431 1677 1523 1710 certis
1549 1676 1744 1720 temporibus

1000 1732 1162 1776 prohibito
1186 1731 1439 1765 observationem
1465 1730 1674 1770 conforment,
1691 1741 1744 1774 op-

1000 1790 1136 1830 portune
1160 1785 1231 1826 illis,
1249 1790 1283 1817 ut
1308 1784 1397 1822 infra,
1415 1794 1432 1816 a
1463 1783 1554 1817 nobis
1582 1783 1743 1826 provideri

1001 1849 1203 1882 summopere
1223 1838 1394 1871 desideret:
1420 1848 1487 1879 nos,
1512 1837 1681 1881 specialem
1700 1836 1743 1869 ei·
1788 1846 1882 1866 roni-sex
1907 1852 1943 1866 eon

1759 1873 1785 1893 ab
1805 1873 1941 1893 obserxautia

1001 1893 1071 1926 dem
1089 1892 1205 1926 rectori
1222 1897 1252 1925 et
1265 1892 1399 1924 alumnis
1416 1891 1550 1934 gratiam
1568 1891 1670 1924 facere
1695 1901 1744 1924 vo·
1760 1902 1811 1929 mus
1831 1900 1902 1924 mcci
1922 1900 1942 1920 in

1725 1944 1731 1949 ,
1759 1926 1844 1946 ieiuniis
1865 1928 1885 1946 et
1906 1926 1943 1946 ab-

1001 1948 1110 1988 ientes,
1126 1953 1156 1980 et
1168 1956 1279 1980 eorum
1294 1946 1470 1988 singulares
1484 1955 1635 1988 personas
1648 1954 1665 1976 a
1679 1955 1744 1988 qui·
1759 1954 1858 1973 simeona
1900 1959 1942 1973 ser-

1760 1980 1829 2000 rantia
1853 1980 1945 2000 absolvit

1001 2001 1108 2034 busvis
1122 1999 1465 2040 excommunicationis,
1480 1997 1695 2042 suspensionis
1716 2002 1746 2032 et
1760 2009 1865 2032 ruumriun
1896 2008 1944 2027 iau-

1711 2051 1715 2056 ,
1760 2040 1808 2053 nuni
1821 2040 1840 2053 in
1857 2034 1888 2053 his
1900 2039 1944 2053 ser-

1001 2054 1169 2095 interdicti,
1186 2054 1317 2097 aliisque
1338 2052 1555 2086 ecclesiasticis
1573 2051 1744 2092 sententiis,
1760 2060 1805 2107 gistri
1840 2065 1944 2086 praesen-

1002 2109 1142 2142 eensuris
1163 2113 1193 2141 et
1216 2107 1336 2151 poeniS,
1355 2118 1371 2139 a
1390 2107 1457 2140 iure
1475 2107 1522 2139 vel
1548 2106 1586 2139 ab
1607 2106 1745 2146 homine,
1794 2102 1798 2107 ’

1002 2162 1111 2206 quavis
1128 2161 1293 2195 occasione
1311 2161 1358 2193 vel
1378 2161 1472 2193 causa
1493 2160 1572 2200 latis,
1588 2160 1612 2192 si
1630 2160 1745 2203 quibus

1002 2214 1241 2259 quomodolibet
1265 2213 1432 2247 innodatae
1450 2213 1595 2253 existunt,
1616 2213 1654 2245 ad
1672 2212 1745 2245 eise-

1003 2274 1088 2302 ctum
1121 2268 1333 2312 praesentium
1365 2268 1525 2300 dumtaxat
1551 2276 1746 2310 consequen-

1003 2322 1089 2364 dum,
1114 2321 1227 2354 harum
1259 2321 1340 2353 serie
1373 2320 1569 2353 absolventes
1596 2325 1626 2352 et
1653 2319 1746 2353 abso-

1003 2376 1084 2407 lutas
1100 2375 1166 2407 sore
1183 2378 1356 2414 censentes,
1369 2372 1652 2417 supplicationibus
1671 2372 1746 2409 dicti

1004 2428 1137 2462 rectoris
1150 2427 1278 2461 nomine
1292 2427 1383 2460 nobis
1398 2437 1492 2470 super
1509 2426 1569 2459 lioc
1586 2425 1747 2460 humiliter

1004 2481 1158 2527 porrectis
1185 2480 1334 2520 inclinati,
1352 2480 1482 2524 praefati
1509 2479 1633 2522 collegii
1651 2479 1747 2513 Grae-

1044 2601 1050 2625 l
1075 2597 1229 2633 Legendum
1246 2596 1409 2631 obliyentur
1424 2601 1461 2630 tu.
1477 2596 1524 2629 τ.).
